<?xml version="1.0" encoding="utf-8"?>
<root>
  <ChainId>7290027600007</ChainId>
  <SubChainId>007</SubChainId>
  <StoreId>328</StoreId>
  <BikoretNo>3</BikoretNo>
  <DllVerNo>8.0.1.3</DllVerNo>
  <Items Count="955">
    <Item>
      <PriceUpdateDate>2022-01-28 05:38</PriceUpdateDate>
      <ItemCode>16000185517</ItemCode>
      <ItemType>1</ItemType>
      <ItemName>דגני פייבר וואן 555 גרם</ItemName>
      <ManufacturerName>ג'\נרל מילס</ManufacturerName>
      <ManufactureCountry>US</ManufactureCountry>
      <ManufacturerItemDescription>דגני פייבר וואן</ManufacturerItemDescription>
      <UnitQty>גרמים</UnitQty>
      <Quantity>555.00</Quantity>
      <bIsWeighted>0</bIsWeighted>
      <UnitOfMeasure>100 גרם</UnitOfMeasure>
      <QtyInPackage>1</QtyInPackage>
      <ItemPrice>26.90</ItemPrice>
      <UnitOfMeasurePrice>4.85</UnitOfMeasurePrice>
      <AllowDiscount>1</AllowDiscount>
      <ItemStatus>1</ItemStatus>
    </Item>
    <Item>
      <PriceUpdateDate>2018-11-19 07:53</PriceUpdateDate>
      <ItemCode>22200956932</ItemCode>
      <ItemType>1</ItemType>
      <ItemName>ספיד סטיק ג'ל 24/7 כחול</ItemName>
      <ManufacturerName>קולגייט פלמוליב</ManufacturerName>
      <ManufactureCountry>US</ManufactureCountry>
      <ManufacturerItemDescription>דאודורנט ג'ל</ManufacturerItemDescription>
      <UnitQty>גרמים</UnitQty>
      <Quantity>85.00</Quantity>
      <bIsWeighted>0</bIsWeighted>
      <UnitOfMeasure>100 גרם</UnitOfMeasure>
      <QtyInPackage>0</QtyInPackage>
      <ItemPrice>19.90</ItemPrice>
      <UnitOfMeasurePrice>23.41</UnitOfMeasurePrice>
      <AllowDiscount>1</AllowDiscount>
      <ItemStatus>1</ItemStatus>
    </Item>
    <Item>
      <PriceUpdateDate>2021-03-12 07:55</PriceUpdateDate>
      <ItemCode>3178530417357</ItemCode>
      <ItemType>1</ItemType>
      <ItemName>בראוניז אישי לבן 30*7ג</ItemName>
      <ManufacturerName>סן מישל</ManufacturerName>
      <ManufactureCountry>FR</ManufactureCountry>
      <ManufacturerItemDescription>בראוניז אישי 7יח</ManufacturerItemDescription>
      <UnitQty>גרמים</UnitQty>
      <Quantity>210.00</Quantity>
      <bIsWeighted>0</bIsWeighted>
      <UnitOfMeasure>100 גרם</UnitOfMeasure>
      <QtyInPackage>1</QtyInPackage>
      <ItemPrice>19.70</ItemPrice>
      <UnitOfMeasurePrice>9.38</UnitOfMeasurePrice>
      <AllowDiscount>1</AllowDiscount>
      <ItemStatus>1</ItemStatus>
    </Item>
    <Item>
      <PriceUpdateDate>2019-08-13 06:17</PriceUpdateDate>
      <ItemCode>3387390320244</ItemCode>
      <ItemType>1</ItemType>
      <ItemName>דגני בוקר פיטנס+פירות375</ItemName>
      <ManufacturerName>סי. פי. צרפת</ManufacturerName>
      <ManufactureCountry>FR</ManufactureCountry>
      <ManufacturerItemDescription>דגני פיטנס</ManufacturerItemDescription>
      <UnitQty>גרמים</UnitQty>
      <Quantity>375.00</Quantity>
      <bIsWeighted>0</bIsWeighted>
      <UnitOfMeasure>100 גרם</UnitOfMeasure>
      <QtyInPackage>0</QtyInPackage>
      <ItemPrice>22.90</ItemPrice>
      <UnitOfMeasurePrice>6.11</UnitOfMeasurePrice>
      <AllowDiscount>1</AllowDiscount>
      <ItemStatus>1</ItemStatus>
    </Item>
    <Item>
      <PriceUpdateDate>2023-04-14 09:13</PriceUpdateDate>
      <ItemCode>34000544028</ItemCode>
      <ItemType>1</ItemType>
      <ItemName>טוויזלרס ממתק טעם תות198</ItemName>
      <ManufacturerName>---</ManufacturerName>
      <ManufactureCountry>US</ManufactureCountry>
      <ManufacturerItemDescription>טוויזלרס טעם תות</ManufacturerItemDescription>
      <UnitQty>גרמים</UnitQty>
      <Quantity>198.00</Quantity>
      <bIsWeighted>0</bIsWeighted>
      <UnitOfMeasure>100 גרם</UnitOfMeasure>
      <QtyInPackage>0</QtyInPackage>
      <ItemPrice>9.70</ItemPrice>
      <UnitOfMeasurePrice>4.90</UnitOfMeasurePrice>
      <AllowDiscount>1</AllowDiscount>
      <ItemStatus>1</ItemStatus>
    </Item>
    <Item>
      <PriceUpdateDate>2022-03-29 11:45</PriceUpdateDate>
      <ItemCode>3501271213047</ItemCode>
      <ItemType>1</ItemType>
      <ItemName>טופי חמוץ תפוח תות150גרם</ItemName>
      <ManufacturerName>---</ManufacturerName>
      <ManufactureCountry>FR</ManufactureCountry>
      <ManufacturerItemDescription>טופי חמוץ תפוח</ManufacturerItemDescription>
      <UnitQty>גרמים</UnitQty>
      <Quantity>150.00</Quantity>
      <bIsWeighted>0</bIsWeighted>
      <UnitOfMeasure>100 גרם</UnitOfMeasure>
      <QtyInPackage>1</QtyInPackage>
      <ItemPrice>16.90</ItemPrice>
      <UnitOfMeasurePrice>11.27</UnitOfMeasurePrice>
      <AllowDiscount>1</AllowDiscount>
      <ItemStatus>1</ItemStatus>
    </Item>
    <Item>
      <PriceUpdateDate>2018-11-19 07:51</PriceUpdateDate>
      <ItemCode>38000138638</ItemCode>
      <ItemType>1</ItemType>
      <ItemName>פרינגלס פיצה 158 גרם</ItemName>
      <ManufacturerName>פרינגלס מנופקצ'ורינג קונ</ManufacturerName>
      <ManufactureCountry>US</ManufactureCountry>
      <ManufacturerItemDescription>פרינגלס פיצה</ManufacturerItemDescription>
      <UnitQty>גרמים</UnitQty>
      <Quantity>158.00</Quantity>
      <bIsWeighted>0</bIsWeighted>
      <UnitOfMeasure>100 גרם</UnitOfMeasure>
      <QtyInPackage>1</QtyInPackage>
      <ItemPrice>10.60</ItemPrice>
      <UnitOfMeasurePrice>6.71</UnitOfMeasurePrice>
      <AllowDiscount>1</AllowDiscount>
      <ItemStatus>1</ItemStatus>
    </Item>
    <Item>
      <PriceUpdateDate>2020-04-03 05:40</PriceUpdateDate>
      <ItemCode>38000232169</ItemCode>
      <ItemType>1</ItemType>
      <ItemName>פרינגלס מידי אורגינל67ג</ItemName>
      <ManufacturerName>פרינגלס מנופקצ'ורינג קונ</ManufacturerName>
      <ManufactureCountry>US</ManufactureCountry>
      <ManufacturerItemDescription>פרינגלס אורגינל</ManufacturerItemDescription>
      <UnitQty>גרמים</UnitQty>
      <Quantity>67.00</Quantity>
      <bIsWeighted>0</bIsWeighted>
      <UnitOfMeasure>100 גרם</UnitOfMeasure>
      <QtyInPackage>1</QtyInPackage>
      <ItemPrice>5.90</ItemPrice>
      <UnitOfMeasurePrice>8.81</UnitOfMeasurePrice>
      <AllowDiscount>1</AllowDiscount>
      <ItemStatus>1</ItemStatus>
    </Item>
    <Item>
      <PriceUpdateDate>2022-05-13 07:50</PriceUpdateDate>
      <ItemCode>4000417101211</ItemCode>
      <ItemType>1</ItemType>
      <ItemName>חטיף אמיצ'לי ק.אגוז150ג</ItemName>
      <ManufacturerName>---</ManufacturerName>
      <ManufactureCountry>AT</ManufactureCountry>
      <ManufacturerItemDescription>חטיף אמיצ'לי</ManufacturerItemDescription>
      <UnitQty>גרמים</UnitQty>
      <Quantity>150.00</Quantity>
      <bIsWeighted>0</bIsWeighted>
      <UnitOfMeasure>100 גרם</UnitOfMeasure>
      <QtyInPackage>1</QtyInPackage>
      <ItemPrice>18.90</ItemPrice>
      <UnitOfMeasurePrice>12.60</UnitOfMeasurePrice>
      <AllowDiscount>1</AllowDiscount>
      <ItemStatus>1</ItemStatus>
    </Item>
    <Item>
      <PriceUpdateDate>2018-11-19 07:51</PriceUpdateDate>
      <ItemCode>40052403</ItemCode>
      <ItemType>1</ItemType>
      <ItemName>חטיף קיט קאט אצבעות41ג</ItemName>
      <ManufacturerName>נסטלה</ManufacturerName>
      <ManufactureCountry>DE</ManufactureCountry>
      <ManufacturerItemDescription>חטיף קיט קאט</ManufacturerItemDescription>
      <UnitQty>גרמים</UnitQty>
      <Quantity>41.00</Quantity>
      <bIsWeighted>0</bIsWeighted>
      <UnitOfMeasure>100 גרם</UnitOfMeasure>
      <QtyInPackage>1</QtyInPackage>
      <ItemPrice>4.50</ItemPrice>
      <UnitOfMeasurePrice>10.98</UnitOfMeasurePrice>
      <AllowDiscount>1</AllowDiscount>
      <ItemStatus>1</ItemStatus>
    </Item>
    <Item>
      <PriceUpdateDate>2022-12-26 09:23</PriceUpdateDate>
      <ItemCode>4009900465304</ItemCode>
      <ItemType>1</ItemType>
      <ItemName>סוכריות סקיטלס חמוץ174גר</ItemName>
      <ManufacturerName>ריגלי ממתקים</ManufacturerName>
      <ManufactureCountry>CZ</ManufactureCountry>
      <ManufacturerItemDescription>סוכריות סקיטלס</ManufacturerItemDescription>
      <UnitQty>גרמים</UnitQty>
      <Quantity>174.00</Quantity>
      <bIsWeighted>0</bIsWeighted>
      <UnitOfMeasure>100 גרם</UnitOfMeasure>
      <QtyInPackage>0</QtyInPackage>
      <ItemPrice>10.60</ItemPrice>
      <UnitOfMeasurePrice>6.09</UnitOfMeasurePrice>
      <AllowDiscount>1</AllowDiscount>
      <ItemStatus>1</ItemStatus>
    </Item>
    <Item>
      <PriceUpdateDate>2019-01-18 07:18</PriceUpdateDate>
      <ItemCode>4009900479998</ItemCode>
      <ItemType>1</ItemType>
      <ItemName>אורביט אוכמניות בקבוק64ג</ItemName>
      <ManufacturerName>ריגלי פולין</ManufacturerName>
      <ManufactureCountry>PL</ManufactureCountry>
      <ManufacturerItemDescription>אורביט בקבוקון</ManufacturerItemDescription>
      <UnitQty>גרמים</UnitQty>
      <Quantity>64.00</Quantity>
      <bIsWeighted>0</bIsWeighted>
      <UnitOfMeasure>100 גרם</UnitOfMeasure>
      <QtyInPackage>0</QtyInPackage>
      <ItemPrice>11.90</ItemPrice>
      <UnitOfMeasurePrice>18.59</UnitOfMeasurePrice>
      <AllowDiscount>1</AllowDiscount>
      <ItemStatus>1</ItemStatus>
    </Item>
    <Item>
      <PriceUpdateDate>2021-02-19 05:37</PriceUpdateDate>
      <ItemCode>4009900536288</ItemCode>
      <ItemType>1</ItemType>
      <ItemName>אורביט רפרשרס פפרמינט67ג</ItemName>
      <ManufacturerName>ריגלי</ManufacturerName>
      <ManufactureCountry>PL</ManufactureCountry>
      <ManufacturerItemDescription>אורביט רפרשרס</ManufacturerItemDescription>
      <UnitQty>גרמים</UnitQty>
      <Quantity>67.00</Quantity>
      <bIsWeighted>0</bIsWeighted>
      <UnitOfMeasure>100 גרם</UnitOfMeasure>
      <QtyInPackage>1</QtyInPackage>
      <ItemPrice>13.00</ItemPrice>
      <UnitOfMeasurePrice>19.40</UnitOfMeasurePrice>
      <AllowDiscount>1</AllowDiscount>
      <ItemStatus>1</ItemStatus>
    </Item>
    <Item>
      <PriceUpdateDate>2022-12-26 09:23</PriceUpdateDate>
      <ItemCode>40111216</ItemCode>
      <ItemType>1</ItemType>
      <ItemName>חטיף באונטי 57 גרם</ItemName>
      <ManufacturerName>מרס הולנד בי.וי.</ManufacturerName>
      <ManufactureCountry>NL</ManufactureCountry>
      <ManufacturerItemDescription>חטיף באונטי</ManufacturerItemDescription>
      <UnitQty>גרמים</UnitQty>
      <Quantity>57.00</Quantity>
      <bIsWeighted>0</bIsWeighted>
      <UnitOfMeasure>100 גרם</UnitOfMeasure>
      <QtyInPackage>0</QtyInPackage>
      <ItemPrice>5.00</ItemPrice>
      <UnitOfMeasurePrice>8.77</UnitOfMeasurePrice>
      <AllowDiscount>1</AllowDiscount>
      <ItemStatus>1</ItemStatus>
    </Item>
    <Item>
      <PriceUpdateDate>2018-11-19 07:51</PriceUpdateDate>
      <ItemCode>4014400907902</ItemCode>
      <ItemType>1</ItemType>
      <ItemName>סוכ.וורטר ל.סוכר בוקס42ג</ItemName>
      <ManufacturerName>שטורק</ManufacturerName>
      <ManufactureCountry>DE</ManufactureCountry>
      <ManufacturerItemDescription>סוכריות וורטר</ManufacturerItemDescription>
      <UnitQty>גרמים</UnitQty>
      <Quantity>42.00</Quantity>
      <bIsWeighted>0</bIsWeighted>
      <UnitOfMeasure>100 גרם</UnitOfMeasure>
      <QtyInPackage>0</QtyInPackage>
      <ItemPrice>7.10</ItemPrice>
      <UnitOfMeasurePrice>16.90</UnitOfMeasurePrice>
      <AllowDiscount>1</AllowDiscount>
      <ItemStatus>1</ItemStatus>
    </Item>
    <Item>
      <PriceUpdateDate>2020-11-06 05:41</PriceUpdateDate>
      <ItemCode>4014400925319</ItemCode>
      <ItemType>1</ItemType>
      <ItemName>ורטר פופקורן קרמל 140גר</ItemName>
      <ManufacturerName>---</ManufacturerName>
      <ManufactureCountry>DE</ManufactureCountry>
      <ManufacturerItemDescription>ממתק קרמל ורטר</ManufacturerItemDescription>
      <UnitQty>גרמים</UnitQty>
      <Quantity>140.00</Quantity>
      <bIsWeighted>0</bIsWeighted>
      <UnitOfMeasure>100 גרם</UnitOfMeasure>
      <QtyInPackage>1</QtyInPackage>
      <ItemPrice>16.50</ItemPrice>
      <UnitOfMeasurePrice>11.79</UnitOfMeasurePrice>
      <AllowDiscount>1</AllowDiscount>
      <ItemStatus>1</ItemStatus>
    </Item>
    <Item>
      <PriceUpdateDate>2018-11-19 07:53</PriceUpdateDate>
      <ItemCode>4015400755241</ItemCode>
      <ItemType>1</ItemType>
      <ItemName>28תח.אולוייז דואו נורמל+</ItemName>
      <ManufacturerName>פרוקטר אנד גמבל</ManufacturerName>
      <ManufactureCountry>UA</ManufactureCountry>
      <ManufacturerItemDescription>תחבושות אולוייז</ManufacturerItemDescription>
      <UnitQty>יחידה</UnitQty>
      <Quantity>1.00</Quantity>
      <bIsWeighted>0</bIsWeighted>
      <UnitOfMeasure>יחידה</UnitOfMeasure>
      <QtyInPackage>1</QtyInPackage>
      <ItemPrice>23.90</ItemPrice>
      <UnitOfMeasurePrice>23.90</UnitOfMeasurePrice>
      <AllowDiscount>1</AllowDiscount>
      <ItemStatus>1</ItemStatus>
    </Item>
    <Item>
      <PriceUpdateDate>2023-04-11 06:30</PriceUpdateDate>
      <ItemCode>4015600763459</ItemCode>
      <ItemType>1</ItemType>
      <ItemName>שמפו הד&amp;שולדרס תפוח600מל</ItemName>
      <ManufacturerName>פרוקטר אנד גמבל</ManufacturerName>
      <ManufactureCountry>RO</ManufactureCountry>
      <ManufacturerItemDescription>שמפו הד&amp;שולדרס</ManufacturerItemDescription>
      <UnitQty>מיליליטרים</UnitQty>
      <Quantity>600.00</Quantity>
      <bIsWeighted>0</bIsWeighted>
      <UnitOfMeasure>100 מ"ל</UnitOfMeasure>
      <QtyInPackage>0</QtyInPackage>
      <ItemPrice>22.90</ItemPrice>
      <UnitOfMeasurePrice>3.81</UnitOfMeasurePrice>
      <AllowDiscount>1</AllowDiscount>
      <ItemStatus>1</ItemStatus>
    </Item>
    <Item>
      <PriceUpdateDate>2023-01-05 09:55</PriceUpdateDate>
      <ItemCode>4032900124193</ItemCode>
      <ItemType>1</ItemType>
      <ItemName>כאמל צהוב ארוך חפיסה</ItemName>
      <ManufacturerName>JTI</ManufacturerName>
      <ManufactureCountry>PL</ManufactureCountry>
      <ManufacturerItemDescription>כאמל צהוב ארוך</ManufacturerItemDescription>
      <UnitQty>יחידה</UnitQty>
      <Quantity>1.00</Quantity>
      <bIsWeighted>0</bIsWeighted>
      <UnitOfMeasure>יחידה</UnitOfMeasure>
      <QtyInPackage>1</QtyInPackage>
      <ItemPrice>33.80</ItemPrice>
      <UnitOfMeasurePrice>33.80</UnitOfMeasurePrice>
      <AllowDiscount>0</AllowDiscount>
      <ItemStatus>1</ItemStatus>
    </Item>
    <Item>
      <PriceUpdateDate>2023-01-05 09:55</PriceUpdateDate>
      <ItemCode>4032900124254</ItemCode>
      <ItemType>1</ItemType>
      <ItemName>וינסטון קומפקט ברי חפיסה</ItemName>
      <ManufacturerName>JTI</ManufacturerName>
      <ManufactureCountry>RO</ManufactureCountry>
      <ManufacturerItemDescription>וינסטון קומפ.ברי</ManufacturerItemDescription>
      <UnitQty>יחידה</UnitQty>
      <Quantity>1.00</Quantity>
      <bIsWeighted>0</bIsWeighted>
      <UnitOfMeasure>יחידה</UnitOfMeasure>
      <QtyInPackage>1</QtyInPackage>
      <ItemPrice>29.20</ItemPrice>
      <UnitOfMeasurePrice>29.20</UnitOfMeasurePrice>
      <AllowDiscount>0</AllowDiscount>
      <ItemStatus>1</ItemStatus>
    </Item>
    <Item>
      <PriceUpdateDate>2018-11-19 07:51</PriceUpdateDate>
      <ItemCode>41390001079</ItemCode>
      <ItemType>1</ItemType>
      <ItemName>רוטב סויה דל נתרן 444מ"ל</ItemName>
      <ManufacturerName>קיקומן פודז אינק</ManufacturerName>
      <ManufactureCountry>US</ManufactureCountry>
      <ManufacturerItemDescription>רוטב סויה</ManufacturerItemDescription>
      <UnitQty>מיליליטרים</UnitQty>
      <Quantity>444.00</Quantity>
      <bIsWeighted>0</bIsWeighted>
      <UnitOfMeasure>100 מ"ל</UnitOfMeasure>
      <QtyInPackage>0</QtyInPackage>
      <ItemPrice>21.90</ItemPrice>
      <UnitOfMeasurePrice>4.93</UnitOfMeasurePrice>
      <AllowDiscount>1</AllowDiscount>
      <ItemStatus>1</ItemStatus>
    </Item>
    <Item>
      <PriceUpdateDate>2023-02-24 10:13</PriceUpdateDate>
      <ItemCode>4710068001692</ItemCode>
      <ItemType>1</ItemType>
      <ItemName>מאסטר קפה לאטה 240 מ"ל</ItemName>
      <ManufacturerName>תאיט מרקטינג אנד דיסטריב</ManufacturerName>
      <ManufactureCountry>TW</ManufactureCountry>
      <ManufacturerItemDescription>מאסטר קפה</ManufacturerItemDescription>
      <UnitQty>מיליליטרים</UnitQty>
      <Quantity>240.00</Quantity>
      <bIsWeighted>0</bIsWeighted>
      <UnitOfMeasure>100 מ"ל</UnitOfMeasure>
      <QtyInPackage>0</QtyInPackage>
      <ItemPrice>6.90</ItemPrice>
      <UnitOfMeasurePrice>2.88</UnitOfMeasurePrice>
      <AllowDiscount>1</AllowDiscount>
      <ItemStatus>1</ItemStatus>
    </Item>
    <Item>
      <PriceUpdateDate>2023-02-24 10:13</PriceUpdateDate>
      <ItemCode>4710068001715</ItemCode>
      <ItemType>1</ItemType>
      <ItemName>מאסטר קפה</ItemName>
      <ManufacturerName />
      <ManufactureCountry>TW</ManufactureCountry>
      <ManufacturerItemDescription>מאסטר קפה</ManufacturerItemDescription>
      <UnitQty>מיליליטרים</UnitQty>
      <Quantity>240.00</Quantity>
      <bIsWeighted>0</bIsWeighted>
      <UnitOfMeasure>100 מ"ל</UnitOfMeasure>
      <QtyInPackage>0</QtyInPackage>
      <ItemPrice>6.90</ItemPrice>
      <UnitOfMeasurePrice>2.88</UnitOfMeasurePrice>
      <AllowDiscount>1</AllowDiscount>
      <ItemStatus>1</ItemStatus>
    </Item>
    <Item>
      <PriceUpdateDate>2022-01-20 07:32</PriceUpdateDate>
      <ItemCode>4710964170799</ItemCode>
      <ItemType>1</ItemType>
      <ItemName>שומשום שחור קלוי</ItemName>
      <ManufacturerName />
      <ManufactureCountry>TW</ManufactureCountry>
      <ManufacturerItemDescription>שומשום שחור קלוי</ManufacturerItemDescription>
      <UnitQty>גרמים</UnitQty>
      <Quantity>91.00</Quantity>
      <bIsWeighted>0</bIsWeighted>
      <UnitOfMeasure>100 גרם</UnitOfMeasure>
      <QtyInPackage>0</QtyInPackage>
      <ItemPrice>17.90</ItemPrice>
      <UnitOfMeasurePrice>19.67</UnitOfMeasurePrice>
      <AllowDiscount>1</AllowDiscount>
      <ItemStatus>1</ItemStatus>
    </Item>
    <Item>
      <PriceUpdateDate>2023-04-14 09:13</PriceUpdateDate>
      <ItemCode>4750021005725</ItemCode>
      <ItemType>1</ItemType>
      <ItemName>וודקה סטולי כשל"פ 700מ"ל</ItemName>
      <ManufacturerName>איי. אס. לטבייאס בלזם</ManufacturerName>
      <ManufactureCountry>LV</ManufactureCountry>
      <ManufacturerItemDescription>וודקה סטולי</ManufacturerItemDescription>
      <UnitQty>מיליליטרים</UnitQty>
      <Quantity>700.00</Quantity>
      <bIsWeighted>0</bIsWeighted>
      <UnitOfMeasure>100 מ"ל</UnitOfMeasure>
      <QtyInPackage>1</QtyInPackage>
      <ItemPrice>104.90</ItemPrice>
      <UnitOfMeasurePrice>14.99</UnitOfMeasurePrice>
      <AllowDiscount>1</AllowDiscount>
      <ItemStatus>1</ItemStatus>
    </Item>
    <Item>
      <PriceUpdateDate>2022-09-08 08:22</PriceUpdateDate>
      <ItemCode>4823077602863</ItemCode>
      <ItemType>1</ItemType>
      <ItemName>סוכ.ג'לי קרייזי פצ'ול200</ItemName>
      <ManufacturerName>---</ManufacturerName>
      <ManufactureCountry>UA</ManufactureCountry>
      <ManufacturerItemDescription>רושן סוכריות ג'ל</ManufacturerItemDescription>
      <UnitQty>גרמים</UnitQty>
      <Quantity>200.00</Quantity>
      <bIsWeighted>0</bIsWeighted>
      <UnitOfMeasure>100 גרם</UnitOfMeasure>
      <QtyInPackage>1</QtyInPackage>
      <ItemPrice>7.90</ItemPrice>
      <UnitOfMeasurePrice>3.95</UnitOfMeasurePrice>
      <AllowDiscount>1</AllowDiscount>
      <ItemStatus>1</ItemStatus>
    </Item>
    <Item>
      <PriceUpdateDate>2022-09-08 08:22</PriceUpdateDate>
      <ItemCode>4823077608513</ItemCode>
      <ItemType>1</ItemType>
      <ItemName>סוכריות טופי חלב 205 גרם</ItemName>
      <ManufacturerName>הופבר האוס וולסרס</ManufacturerName>
      <ManufactureCountry>UA</ManufactureCountry>
      <ManufacturerItemDescription>סוכריות טופי</ManufacturerItemDescription>
      <UnitQty>גרמים</UnitQty>
      <Quantity>205.00</Quantity>
      <bIsWeighted>0</bIsWeighted>
      <UnitOfMeasure>100 גרם</UnitOfMeasure>
      <QtyInPackage>1</QtyInPackage>
      <ItemPrice>7.90</ItemPrice>
      <UnitOfMeasurePrice>3.85</UnitOfMeasurePrice>
      <AllowDiscount>1</AllowDiscount>
      <ItemStatus>1</ItemStatus>
    </Item>
    <Item>
      <PriceUpdateDate>2022-09-08 08:22</PriceUpdateDate>
      <ItemCode>4823077613203</ItemCode>
      <ItemType>1</ItemType>
      <ItemName>שוק.מריר עם אגוז שלם90גר</ItemName>
      <ManufacturerName>---</ManufacturerName>
      <ManufactureCountry>UA</ManufactureCountry>
      <ManufacturerItemDescription>שוקולד מריר עם א</ManufacturerItemDescription>
      <UnitQty>גרמים</UnitQty>
      <Quantity>90.00</Quantity>
      <bIsWeighted>0</bIsWeighted>
      <UnitOfMeasure>100 גרם</UnitOfMeasure>
      <QtyInPackage>1</QtyInPackage>
      <ItemPrice>7.90</ItemPrice>
      <UnitOfMeasurePrice>8.78</UnitOfMeasurePrice>
      <AllowDiscount>1</AllowDiscount>
      <ItemStatus>1</ItemStatus>
    </Item>
    <Item>
      <PriceUpdateDate>2022-09-08 08:22</PriceUpdateDate>
      <ItemCode>4823077614767</ItemCode>
      <ItemType>1</ItemType>
      <ItemName>שוקולד רושן חלב נוגט בטע</ItemName>
      <ManufacturerName>---</ManufacturerName>
      <ManufactureCountry>UA</ManufactureCountry>
      <ManufacturerItemDescription>שוקולד רושן חלב</ManufacturerItemDescription>
      <UnitQty>גרמים</UnitQty>
      <Quantity>90.00</Quantity>
      <bIsWeighted>0</bIsWeighted>
      <UnitOfMeasure>100 גרם</UnitOfMeasure>
      <QtyInPackage>1</QtyInPackage>
      <ItemPrice>4.90</ItemPrice>
      <UnitOfMeasurePrice>5.44</UnitOfMeasurePrice>
      <AllowDiscount>1</AllowDiscount>
      <ItemStatus>1</ItemStatus>
    </Item>
    <Item>
      <PriceUpdateDate>2022-09-08 08:22</PriceUpdateDate>
      <ItemCode>4823077614804</ItemCode>
      <ItemType>1</ItemType>
      <ItemName>שוקולד רושן  חלב נוגט בט</ItemName>
      <ManufacturerName>---</ManufacturerName>
      <ManufactureCountry>UA</ManufactureCountry>
      <ManufacturerItemDescription>שוקולד רושן  חלב</ManufacturerItemDescription>
      <UnitQty>גרמים</UnitQty>
      <Quantity>90.00</Quantity>
      <bIsWeighted>0</bIsWeighted>
      <UnitOfMeasure>100 גרם</UnitOfMeasure>
      <QtyInPackage>1</QtyInPackage>
      <ItemPrice>4.90</ItemPrice>
      <UnitOfMeasurePrice>5.44</UnitOfMeasurePrice>
      <AllowDiscount>1</AllowDiscount>
      <ItemStatus>1</ItemStatus>
    </Item>
    <Item>
      <PriceUpdateDate>2022-09-08 08:22</PriceUpdateDate>
      <ItemCode>4823077621635</ItemCode>
      <ItemType>1</ItemType>
      <ItemName>אישי וופל רושן בטעם חלב</ItemName>
      <ManufacturerName>---</ManufacturerName>
      <ManufactureCountry>UA</ManufactureCountry>
      <ManufacturerItemDescription>אישי וופל רושן ב</ManufacturerItemDescription>
      <UnitQty>גרמים</UnitQty>
      <Quantity>72.00</Quantity>
      <bIsWeighted>0</bIsWeighted>
      <UnitOfMeasure>100 גרם</UnitOfMeasure>
      <QtyInPackage>1</QtyInPackage>
      <ItemPrice>3.90</ItemPrice>
      <UnitOfMeasurePrice>5.42</UnitOfMeasurePrice>
      <AllowDiscount>1</AllowDiscount>
      <ItemStatus>1</ItemStatus>
    </Item>
    <Item>
      <PriceUpdateDate>2022-09-08 08:22</PriceUpdateDate>
      <ItemCode>4823077624223</ItemCode>
      <ItemType>1</ItemType>
      <ItemName>סוכריות.ג'לי ט.פירות200ג</ItemName>
      <ManufacturerName>---</ManufacturerName>
      <ManufactureCountry>UA</ManufactureCountry>
      <ManufacturerItemDescription>רושן סוכ.ג'לי בט</ManufacturerItemDescription>
      <UnitQty>גרמים</UnitQty>
      <Quantity>200.00</Quantity>
      <bIsWeighted>0</bIsWeighted>
      <UnitOfMeasure>100 גרם</UnitOfMeasure>
      <QtyInPackage>1</QtyInPackage>
      <ItemPrice>7.90</ItemPrice>
      <UnitOfMeasurePrice>3.95</UnitOfMeasurePrice>
      <AllowDiscount>1</AllowDiscount>
      <ItemStatus>1</ItemStatus>
    </Item>
    <Item>
      <PriceUpdateDate>2022-09-08 08:22</PriceUpdateDate>
      <ItemCode>4823077626364</ItemCode>
      <ItemType>1</ItemType>
      <ItemName>שוקולד אוורירי לבן 80גרם</ItemName>
      <ManufacturerName>---</ManufacturerName>
      <ManufactureCountry>UA</ManufactureCountry>
      <ManufacturerItemDescription>שוקולד לבן</ManufacturerItemDescription>
      <UnitQty>גרמים</UnitQty>
      <Quantity>80.00</Quantity>
      <bIsWeighted>0</bIsWeighted>
      <UnitOfMeasure>100 גרם</UnitOfMeasure>
      <QtyInPackage>1</QtyInPackage>
      <ItemPrice>7.90</ItemPrice>
      <UnitOfMeasurePrice>9.88</UnitOfMeasurePrice>
      <AllowDiscount>1</AllowDiscount>
      <ItemStatus>1</ItemStatus>
    </Item>
    <Item>
      <PriceUpdateDate>2022-09-08 08:22</PriceUpdateDate>
      <ItemCode>4823077630996</ItemCode>
      <ItemType>1</ItemType>
      <ItemName>סנדוויץ קרקר קקאו-אגוז</ItemName>
      <ManufacturerName>---</ManufacturerName>
      <ManufactureCountry>UA</ManufactureCountry>
      <ManufacturerItemDescription>סנדוויץ קרקר</ManufacturerItemDescription>
      <UnitQty>גרמים</UnitQty>
      <Quantity>235.00</Quantity>
      <bIsWeighted>0</bIsWeighted>
      <UnitOfMeasure>100 גרם</UnitOfMeasure>
      <QtyInPackage>1</QtyInPackage>
      <ItemPrice>10.90</ItemPrice>
      <UnitOfMeasurePrice>4.64</UnitOfMeasurePrice>
      <AllowDiscount>1</AllowDiscount>
      <ItemStatus>1</ItemStatus>
    </Item>
    <Item>
      <PriceUpdateDate>2022-09-08 08:22</PriceUpdateDate>
      <ItemCode>4823077631467</ItemCode>
      <ItemType>1</ItemType>
      <ItemName>קרקר עם מלח ים רושן 168</ItemName>
      <ManufacturerName>---</ManufacturerName>
      <ManufactureCountry>UA</ManufactureCountry>
      <ManufacturerItemDescription>קרקר עם מלח ים ר</ManufacturerItemDescription>
      <UnitQty>גרמים</UnitQty>
      <Quantity>168.00</Quantity>
      <bIsWeighted>0</bIsWeighted>
      <UnitOfMeasure>100 גרם</UnitOfMeasure>
      <QtyInPackage>1</QtyInPackage>
      <ItemPrice>5.90</ItemPrice>
      <UnitOfMeasurePrice>3.51</UnitOfMeasurePrice>
      <AllowDiscount>1</AllowDiscount>
      <ItemStatus>1</ItemStatus>
    </Item>
    <Item>
      <PriceUpdateDate>2022-09-08 08:22</PriceUpdateDate>
      <ItemCode>4823077631863</ItemCode>
      <ItemType>1</ItemType>
      <ItemName>גליליות רושן וניל 140 גר</ItemName>
      <ManufacturerName>---</ManufacturerName>
      <ManufactureCountry>UA</ManufactureCountry>
      <ManufacturerItemDescription>גליליות רושן וני</ManufacturerItemDescription>
      <UnitQty>גרמים</UnitQty>
      <Quantity>140.00</Quantity>
      <bIsWeighted>0</bIsWeighted>
      <UnitOfMeasure>100 גרם</UnitOfMeasure>
      <QtyInPackage>1</QtyInPackage>
      <ItemPrice>7.90</ItemPrice>
      <UnitOfMeasurePrice>5.64</UnitOfMeasurePrice>
      <AllowDiscount>1</AllowDiscount>
      <ItemStatus>1</ItemStatus>
    </Item>
    <Item>
      <PriceUpdateDate>2022-12-02 05:35</PriceUpdateDate>
      <ItemCode>4823077632570</ItemCode>
      <ItemType>1</ItemType>
      <ItemName>שוקולד ברוט מריר 85 גרם</ItemName>
      <ManufacturerName>---</ManufacturerName>
      <ManufactureCountry>UA</ManufactureCountry>
      <ManufacturerItemDescription>שוקולד מריר</ManufacturerItemDescription>
      <UnitQty>גרמים</UnitQty>
      <Quantity>85.00</Quantity>
      <bIsWeighted>0</bIsWeighted>
      <UnitOfMeasure>100 גרם</UnitOfMeasure>
      <QtyInPackage>1</QtyInPackage>
      <ItemPrice>7.90</ItemPrice>
      <UnitOfMeasurePrice>9.29</UnitOfMeasurePrice>
      <AllowDiscount>1</AllowDiscount>
      <ItemStatus>1</ItemStatus>
    </Item>
    <Item>
      <PriceUpdateDate>2022-09-08 08:22</PriceUpdateDate>
      <ItemCode>4823077633317</ItemCode>
      <ItemType>1</ItemType>
      <ItemName>עוג.לוביטה שוק.חתיכות150</ItemName>
      <ManufacturerName>---</ManufacturerName>
      <ManufactureCountry>UA</ManufactureCountry>
      <ManufacturerItemDescription>עוג.לוביטה שוקול</ManufacturerItemDescription>
      <UnitQty>גרמים</UnitQty>
      <Quantity>150.00</Quantity>
      <bIsWeighted>0</bIsWeighted>
      <UnitOfMeasure>100 גרם</UnitOfMeasure>
      <QtyInPackage>1</QtyInPackage>
      <ItemPrice>7.90</ItemPrice>
      <UnitOfMeasurePrice>5.27</UnitOfMeasurePrice>
      <AllowDiscount>1</AllowDiscount>
      <ItemStatus>1</ItemStatus>
    </Item>
    <Item>
      <PriceUpdateDate>2022-09-08 08:22</PriceUpdateDate>
      <ItemCode>4823077633324</ItemCode>
      <ItemType>1</ItemType>
      <ItemName>עוג.שוקוצ'יפס לוביטה150ג</ItemName>
      <ManufacturerName>---</ManufacturerName>
      <ManufactureCountry>UA</ManufactureCountry>
      <ManufacturerItemDescription>עוג.שוקוצ'יפס לו</ManufacturerItemDescription>
      <UnitQty>גרמים</UnitQty>
      <Quantity>150.00</Quantity>
      <bIsWeighted>0</bIsWeighted>
      <UnitOfMeasure>100 גרם</UnitOfMeasure>
      <QtyInPackage>1</QtyInPackage>
      <ItemPrice>7.90</ItemPrice>
      <UnitOfMeasurePrice>5.27</UnitOfMeasurePrice>
      <AllowDiscount>1</AllowDiscount>
      <ItemStatus>1</ItemStatus>
    </Item>
    <Item>
      <PriceUpdateDate>2022-09-08 08:22</PriceUpdateDate>
      <ItemCode>4823077633348</ItemCode>
      <ItemType>1</ItemType>
      <ItemName>עוג.לוביטה עם בוטנים 150</ItemName>
      <ManufacturerName>---</ManufacturerName>
      <ManufactureCountry>UA</ManufactureCountry>
      <ManufacturerItemDescription>עוג.לוביטה עם בו</ManufacturerItemDescription>
      <UnitQty>גרמים</UnitQty>
      <Quantity>150.00</Quantity>
      <bIsWeighted>0</bIsWeighted>
      <UnitOfMeasure>100 גרם</UnitOfMeasure>
      <QtyInPackage>1</QtyInPackage>
      <ItemPrice>7.90</ItemPrice>
      <UnitOfMeasurePrice>5.27</UnitOfMeasurePrice>
      <AllowDiscount>1</AllowDiscount>
      <ItemStatus>1</ItemStatus>
    </Item>
    <Item>
      <PriceUpdateDate>2022-09-08 08:22</PriceUpdateDate>
      <ItemCode>4823077634192</ItemCode>
      <ItemType>1</ItemType>
      <ItemName>עוגיות במילוי דובדבן168ג</ItemName>
      <ManufacturerName>---</ManufacturerName>
      <ManufactureCountry>UA</ManufactureCountry>
      <ManufacturerItemDescription>עוגיות עם מילוי</ManufacturerItemDescription>
      <UnitQty>גרמים</UnitQty>
      <Quantity>168.00</Quantity>
      <bIsWeighted>0</bIsWeighted>
      <UnitOfMeasure>100 גרם</UnitOfMeasure>
      <QtyInPackage>1</QtyInPackage>
      <ItemPrice>7.90</ItemPrice>
      <UnitOfMeasurePrice>4.70</UnitOfMeasurePrice>
      <AllowDiscount>1</AllowDiscount>
      <ItemStatus>1</ItemStatus>
    </Item>
    <Item>
      <PriceUpdateDate>2023-04-11 04:20</PriceUpdateDate>
      <ItemCode>4823077636608</ItemCode>
      <ItemType>1</ItemType>
      <ItemName>סוכ.טופי במילוי שוקול325</ItemName>
      <ManufacturerName>---</ManufacturerName>
      <ManufactureCountry>UA</ManufactureCountry>
      <ManufacturerItemDescription>סוכריות טופי</ManufacturerItemDescription>
      <UnitQty>גרמים</UnitQty>
      <Quantity>325.00</Quantity>
      <bIsWeighted>0</bIsWeighted>
      <UnitOfMeasure>100 גרם</UnitOfMeasure>
      <QtyInPackage>1</QtyInPackage>
      <ItemPrice>10.90</ItemPrice>
      <UnitOfMeasurePrice>3.36</UnitOfMeasurePrice>
      <AllowDiscount>1</AllowDiscount>
      <ItemStatus>1</ItemStatus>
    </Item>
    <Item>
      <PriceUpdateDate>2023-04-14 09:13</PriceUpdateDate>
      <ItemCode>4903001904192</ItemCode>
      <ItemType>1</ItemType>
      <ItemName>רוטב סויה יאמאסה 500 מ"ל</ItemName>
      <ManufacturerName>יאמאסה</ManufacturerName>
      <ManufactureCountry>JP</ManufactureCountry>
      <ManufacturerItemDescription>רוטב סויה יאמאסה</ManufacturerItemDescription>
      <UnitQty>מיליליטרים</UnitQty>
      <Quantity>500.00</Quantity>
      <bIsWeighted>0</bIsWeighted>
      <UnitOfMeasure>100 מ"ל</UnitOfMeasure>
      <QtyInPackage>0</QtyInPackage>
      <ItemPrice>19.10</ItemPrice>
      <UnitOfMeasurePrice>3.82</UnitOfMeasurePrice>
      <AllowDiscount>1</AllowDiscount>
      <ItemStatus>1</ItemStatus>
    </Item>
    <Item>
      <PriceUpdateDate>2022-12-26 09:23</PriceUpdateDate>
      <ItemCode>5000159407236</ItemCode>
      <ItemType>1</ItemType>
      <ItemName>חטיף מרס 51 גרם</ItemName>
      <ManufacturerName>מרס הולנד בי.וי.</ManufacturerName>
      <ManufactureCountry>NL</ManufactureCountry>
      <ManufacturerItemDescription>חטיף מרס</ManufacturerItemDescription>
      <UnitQty>גרמים</UnitQty>
      <Quantity>51.00</Quantity>
      <bIsWeighted>0</bIsWeighted>
      <UnitOfMeasure>100 גרם</UnitOfMeasure>
      <QtyInPackage>0</QtyInPackage>
      <ItemPrice>5.00</ItemPrice>
      <UnitOfMeasurePrice>9.80</UnitOfMeasurePrice>
      <AllowDiscount>1</AllowDiscount>
      <ItemStatus>1</ItemStatus>
    </Item>
    <Item>
      <PriceUpdateDate>2018-11-19 07:51</PriceUpdateDate>
      <ItemCode>5000159452977</ItemCode>
      <ItemType>1</ItemType>
      <ItemName>מיני מיקס בשקית 400 גרם</ItemName>
      <ManufacturerName>מרס הולנד בי.וי.</ManufacturerName>
      <ManufactureCountry>NL</ManufactureCountry>
      <ManufacturerItemDescription>מיני מיקס</ManufacturerItemDescription>
      <UnitQty>גרמים</UnitQty>
      <Quantity>400.00</Quantity>
      <bIsWeighted>0</bIsWeighted>
      <UnitOfMeasure>100 גרם</UnitOfMeasure>
      <QtyInPackage>0</QtyInPackage>
      <ItemPrice>24.90</ItemPrice>
      <UnitOfMeasurePrice>6.23</UnitOfMeasurePrice>
      <AllowDiscount>1</AllowDiscount>
      <ItemStatus>1</ItemStatus>
    </Item>
    <Item>
      <PriceUpdateDate>2022-12-26 09:23</PriceUpdateDate>
      <ItemCode>5000159461122</ItemCode>
      <ItemType>1</ItemType>
      <ItemName>חטיף סניקרס 50 גרם</ItemName>
      <ManufacturerName>מרס הולנד בי.וי.</ManufacturerName>
      <ManufactureCountry>NL</ManufactureCountry>
      <ManufacturerItemDescription>חטיף סניקרס</ManufacturerItemDescription>
      <UnitQty>גרמים</UnitQty>
      <Quantity>50.00</Quantity>
      <bIsWeighted>0</bIsWeighted>
      <UnitOfMeasure>100 גרם</UnitOfMeasure>
      <QtyInPackage>0</QtyInPackage>
      <ItemPrice>5.00</ItemPrice>
      <UnitOfMeasurePrice>10.00</UnitOfMeasurePrice>
      <AllowDiscount>1</AllowDiscount>
      <ItemStatus>1</ItemStatus>
    </Item>
    <Item>
      <PriceUpdateDate>2022-12-26 09:23</PriceUpdateDate>
      <ItemCode>5000159538626</ItemCode>
      <ItemType>1</ItemType>
      <ItemName>חטיפי טוויקס 5 * 40 גרם</ItemName>
      <ManufacturerName>---</ManufacturerName>
      <ManufactureCountry>NL</ManufactureCountry>
      <ManufacturerItemDescription>חטיפי טוויקס</ManufacturerItemDescription>
      <UnitQty>גרמים</UnitQty>
      <Quantity>200.00</Quantity>
      <bIsWeighted>0</bIsWeighted>
      <UnitOfMeasure>100 גרם</UnitOfMeasure>
      <QtyInPackage>1</QtyInPackage>
      <ItemPrice>13.60</ItemPrice>
      <UnitOfMeasurePrice>6.80</UnitOfMeasurePrice>
      <AllowDiscount>1</AllowDiscount>
      <ItemStatus>1</ItemStatus>
    </Item>
    <Item>
      <PriceUpdateDate>2022-12-26 09:23</PriceUpdateDate>
      <ItemCode>5000159538640</ItemCode>
      <ItemType>1</ItemType>
      <ItemName>חטיפי באונטי 5 * 57 גרם</ItemName>
      <ManufacturerName>---</ManufacturerName>
      <ManufactureCountry>NL</ManufactureCountry>
      <ManufacturerItemDescription>חטיפי באונטי</ManufacturerItemDescription>
      <UnitQty>גרמים</UnitQty>
      <Quantity>285.00</Quantity>
      <bIsWeighted>0</bIsWeighted>
      <UnitOfMeasure>100 גרם</UnitOfMeasure>
      <QtyInPackage>1</QtyInPackage>
      <ItemPrice>13.60</ItemPrice>
      <UnitOfMeasurePrice>4.77</UnitOfMeasurePrice>
      <AllowDiscount>1</AllowDiscount>
      <ItemStatus>1</ItemStatus>
    </Item>
    <Item>
      <PriceUpdateDate>2022-12-26 09:23</PriceUpdateDate>
      <ItemCode>5000159541152</ItemCode>
      <ItemType>1</ItemType>
      <ItemName>חטיף טוויקס לבן 50 גרם</ItemName>
      <ManufacturerName>מרס.גי אם. בי אייץ</ManufacturerName>
      <ManufactureCountry>DE</ManufactureCountry>
      <ManufacturerItemDescription>חטיף טוויקס לבן</ManufacturerItemDescription>
      <UnitQty>גרמים</UnitQty>
      <Quantity>50.00</Quantity>
      <bIsWeighted>0</bIsWeighted>
      <UnitOfMeasure>100 גרם</UnitOfMeasure>
      <QtyInPackage>1</QtyInPackage>
      <ItemPrice>5.00</ItemPrice>
      <UnitOfMeasurePrice>10.00</UnitOfMeasurePrice>
      <AllowDiscount>1</AllowDiscount>
      <ItemStatus>1</ItemStatus>
    </Item>
    <Item>
      <PriceUpdateDate>2023-04-11 04:50</PriceUpdateDate>
      <ItemCode>5000267014234</ItemCode>
      <ItemType>1</ItemType>
      <ItemName>וויסקי ג'וני ווקר אדום</ItemName>
      <ManufacturerName>ג'ון ווקר ובניו</ManufacturerName>
      <ManufactureCountry>GB</ManufactureCountry>
      <ManufacturerItemDescription>ג'וני ווקר אדום</ManufacturerItemDescription>
      <UnitQty>מיליליטרים</UnitQty>
      <Quantity>700.00</Quantity>
      <bIsWeighted>0</bIsWeighted>
      <UnitOfMeasure>100 מ"ל</UnitOfMeasure>
      <QtyInPackage>0</QtyInPackage>
      <ItemPrice>74.90</ItemPrice>
      <UnitOfMeasurePrice>10.70</UnitOfMeasurePrice>
      <AllowDiscount>1</AllowDiscount>
      <ItemStatus>1</ItemStatus>
    </Item>
    <Item>
      <PriceUpdateDate>2018-11-19 07:51</PriceUpdateDate>
      <ItemCode>5000299609347</ItemCode>
      <ItemType>1</ItemType>
      <ItemName>וויסקי גלנליווט 700 מ"ל</ItemName>
      <ManufacturerName>ג'ורג' וג'יי ג'יי סמית</ManufacturerName>
      <ManufactureCountry>GB</ManufactureCountry>
      <ManufacturerItemDescription>וויסקי גלנליווט</ManufacturerItemDescription>
      <UnitQty>מיליליטרים</UnitQty>
      <Quantity>700.00</Quantity>
      <bIsWeighted>0</bIsWeighted>
      <UnitOfMeasure>100 מ"ל</UnitOfMeasure>
      <QtyInPackage>1</QtyInPackage>
      <ItemPrice>169.90</ItemPrice>
      <UnitOfMeasurePrice>24.27</UnitOfMeasurePrice>
      <AllowDiscount>1</AllowDiscount>
      <ItemStatus>1</ItemStatus>
    </Item>
    <Item>
      <PriceUpdateDate>2023-04-11 04:40</PriceUpdateDate>
      <ItemCode>5014271310428</ItemCode>
      <ItemType>1</ItemType>
      <ItemName>מעדן דובדבן שחור 284 גרם</ItemName>
      <ManufacturerName>סאן דלפור - שמבור</ManufacturerName>
      <ManufactureCountry>FR</ManufactureCountry>
      <ManufacturerItemDescription>מעדן דובדבן שחור</ManufacturerItemDescription>
      <UnitQty>גרמים</UnitQty>
      <Quantity>284.00</Quantity>
      <bIsWeighted>0</bIsWeighted>
      <UnitOfMeasure>100 גרם</UnitOfMeasure>
      <QtyInPackage>0</QtyInPackage>
      <ItemPrice>19.90</ItemPrice>
      <UnitOfMeasurePrice>7.00</UnitOfMeasurePrice>
      <AllowDiscount>1</AllowDiscount>
      <ItemStatus>1</ItemStatus>
    </Item>
    <Item>
      <PriceUpdateDate>2023-04-11 04:40</PriceUpdateDate>
      <ItemCode>5014271370422</ItemCode>
      <ItemType>1</ItemType>
      <ItemName>מעדן אפרסק 284 גרם</ItemName>
      <ManufacturerName>סאן דלפור - שמבור</ManufacturerName>
      <ManufactureCountry>FR</ManufactureCountry>
      <ManufacturerItemDescription>מעדן אפרסקים</ManufacturerItemDescription>
      <UnitQty>גרמים</UnitQty>
      <Quantity>284.00</Quantity>
      <bIsWeighted>0</bIsWeighted>
      <UnitOfMeasure>100 גרם</UnitOfMeasure>
      <QtyInPackage>0</QtyInPackage>
      <ItemPrice>19.90</ItemPrice>
      <UnitOfMeasurePrice>7.00</UnitOfMeasurePrice>
      <AllowDiscount>1</AllowDiscount>
      <ItemStatus>1</ItemStatus>
    </Item>
    <Item>
      <PriceUpdateDate>2023-03-31 07:49</PriceUpdateDate>
      <ItemCode>5060751218173</ItemCode>
      <ItemType>1</ItemType>
      <ItemName>מונסטר פייפליין פאנץ500מ</ItemName>
      <ManufacturerName>energy Monster סרביה</ManufacturerName>
      <ManufactureCountry>RS</ManufactureCountry>
      <ManufacturerItemDescription>מונסטר פייפליין</ManufacturerItemDescription>
      <UnitQty>מיליליטרים</UnitQty>
      <Quantity>500.00</Quantity>
      <bIsWeighted>0</bIsWeighted>
      <UnitOfMeasure>100 מ"ל</UnitOfMeasure>
      <QtyInPackage>1</QtyInPackage>
      <ItemPrice>7.50</ItemPrice>
      <UnitOfMeasurePrice>1.50</UnitOfMeasurePrice>
      <AllowDiscount>1</AllowDiscount>
      <ItemStatus>1</ItemStatus>
    </Item>
    <Item>
      <PriceUpdateDate>2021-11-12 07:00</PriceUpdateDate>
      <ItemCode>5201340026704</ItemCode>
      <ItemType>1</ItemType>
      <ItemName>טונה מעושנת פיקנטית160גר</ItemName>
      <ManufacturerName>---</ManufacturerName>
      <ManufactureCountry>GR</ManufactureCountry>
      <ManufacturerItemDescription>טונה מעושנת</ManufacturerItemDescription>
      <UnitQty>גרמים</UnitQty>
      <Quantity>160.00</Quantity>
      <bIsWeighted>0</bIsWeighted>
      <UnitOfMeasure>100 גרם</UnitOfMeasure>
      <QtyInPackage>1</QtyInPackage>
      <ItemPrice>15.90</ItemPrice>
      <UnitOfMeasurePrice>9.94</UnitOfMeasurePrice>
      <AllowDiscount>1</AllowDiscount>
      <ItemStatus>1</ItemStatus>
    </Item>
    <Item>
      <PriceUpdateDate>2022-12-21 09:42</PriceUpdateDate>
      <ItemCode>5411188112709</ItemCode>
      <ItemType>1</ItemType>
      <ItemName>משקה שקדים ללת"ס אלפרו1ל</ItemName>
      <ManufacturerName>אלפרו C.V.A</ManufacturerName>
      <ManufactureCountry>BE</ManufactureCountry>
      <ManufacturerItemDescription>משקה שקדים אלפרו</ManufacturerItemDescription>
      <UnitQty>ליטרים</UnitQty>
      <Quantity>1.00</Quantity>
      <bIsWeighted>0</bIsWeighted>
      <UnitOfMeasure>ליטר</UnitOfMeasure>
      <QtyInPackage>0</QtyInPackage>
      <ItemPrice>18.40</ItemPrice>
      <UnitOfMeasurePrice>18.40</UnitOfMeasurePrice>
      <AllowDiscount>1</AllowDiscount>
      <ItemStatus>1</ItemStatus>
    </Item>
    <Item>
      <PriceUpdateDate>2022-12-21 09:42</PriceUpdateDate>
      <ItemCode>5411188134985</ItemCode>
      <ItemType>1</ItemType>
      <ItemName>משקה שיבולת שועל3.5% 1 ל</ItemName>
      <ManufacturerName>אלפרו C.V.A</ManufacturerName>
      <ManufactureCountry>BE</ManufactureCountry>
      <ManufacturerItemDescription>משקה שיבולת שועל</ManufacturerItemDescription>
      <UnitQty>ליטרים</UnitQty>
      <Quantity>1.00</Quantity>
      <bIsWeighted>0</bIsWeighted>
      <UnitOfMeasure>ליטר</UnitOfMeasure>
      <QtyInPackage>1</QtyInPackage>
      <ItemPrice>17.40</ItemPrice>
      <UnitOfMeasurePrice>17.40</UnitOfMeasurePrice>
      <AllowDiscount>1</AllowDiscount>
      <ItemStatus>1</ItemStatus>
    </Item>
    <Item>
      <PriceUpdateDate>2022-12-21 09:42</PriceUpdateDate>
      <ItemCode>5411188135005</ItemCode>
      <ItemType>1</ItemType>
      <ItemName>משקה שיבולת שועל 1.8% 1ל</ItemName>
      <ManufacturerName>אלפרו C.V.A</ManufacturerName>
      <ManufactureCountry>BE</ManufactureCountry>
      <ManufacturerItemDescription>משקה שיבולת שועל</ManufacturerItemDescription>
      <UnitQty>ליטרים</UnitQty>
      <Quantity>1.00</Quantity>
      <bIsWeighted>0</bIsWeighted>
      <UnitOfMeasure>ליטר</UnitOfMeasure>
      <QtyInPackage>1</QtyInPackage>
      <ItemPrice>17.40</ItemPrice>
      <UnitOfMeasurePrice>17.40</UnitOfMeasurePrice>
      <AllowDiscount>1</AllowDiscount>
      <ItemStatus>1</ItemStatus>
    </Item>
    <Item>
      <PriceUpdateDate>2019-08-13 06:17</PriceUpdateDate>
      <ItemCode>5601008200444</ItemCode>
      <ItemType>1</ItemType>
      <ItemName>עוג.גודיס שוקולד חלב150ג</ItemName>
      <ManufacturerName>ש. שסטוביץ בע"\מ</ManufacturerName>
      <ManufactureCountry>PT</ManufactureCountry>
      <ManufacturerItemDescription>עוגיות גודיס</ManufacturerItemDescription>
      <UnitQty>גרמים</UnitQty>
      <Quantity>150.00</Quantity>
      <bIsWeighted>0</bIsWeighted>
      <UnitOfMeasure>100 גרם</UnitOfMeasure>
      <QtyInPackage>0</QtyInPackage>
      <ItemPrice>7.90</ItemPrice>
      <UnitOfMeasurePrice>5.27</UnitOfMeasurePrice>
      <AllowDiscount>1</AllowDiscount>
      <ItemStatus>1</ItemStatus>
    </Item>
    <Item>
      <PriceUpdateDate>2019-08-13 06:17</PriceUpdateDate>
      <ItemCode>5601008200468</ItemCode>
      <ItemType>1</ItemType>
      <ItemName>עוגי.גודיס שוקולד לבן150</ItemName>
      <ManufacturerName>מרבה</ManufacturerName>
      <ManufactureCountry>PT</ManufactureCountry>
      <ManufacturerItemDescription>עוגיות גודיס</ManufacturerItemDescription>
      <UnitQty>גרמים</UnitQty>
      <Quantity>150.00</Quantity>
      <bIsWeighted>0</bIsWeighted>
      <UnitOfMeasure>100 גרם</UnitOfMeasure>
      <QtyInPackage>0</QtyInPackage>
      <ItemPrice>7.90</ItemPrice>
      <UnitOfMeasurePrice>5.27</UnitOfMeasurePrice>
      <AllowDiscount>1</AllowDiscount>
      <ItemStatus>1</ItemStatus>
    </Item>
    <Item>
      <PriceUpdateDate>2023-03-31 07:49</PriceUpdateDate>
      <ItemCode>5601045300022</ItemCode>
      <ItemType>1</ItemType>
      <ItemName>גאורנה אנטארטיקה פח330מל</ItemName>
      <ManufacturerName>סומול וקומפל אס איי</ManufacturerName>
      <ManufactureCountry>PT</ManufactureCountry>
      <ManufacturerItemDescription>גאורנה אנטארטיקה</ManufacturerItemDescription>
      <UnitQty>מיליליטרים</UnitQty>
      <Quantity>330.00</Quantity>
      <bIsWeighted>0</bIsWeighted>
      <UnitOfMeasure>100 מ"ל</UnitOfMeasure>
      <QtyInPackage>0</QtyInPackage>
      <ItemPrice>5.80</ItemPrice>
      <UnitOfMeasurePrice>1.76</UnitOfMeasurePrice>
      <AllowDiscount>1</AllowDiscount>
      <ItemStatus>1</ItemStatus>
    </Item>
    <Item>
      <PriceUpdateDate>2023-04-14 09:13</PriceUpdateDate>
      <ItemCode>5701932026971</ItemCode>
      <ItemType>1</ItemType>
      <ItemName>הוטפופ טעם חמאה100*6גר</ItemName>
      <ManufacturerName>פופז</ManufacturerName>
      <ManufactureCountry>US</ManufactureCountry>
      <ManufacturerItemDescription>הוטפופ טעם חמאה</ManufacturerItemDescription>
      <UnitQty>גרמים</UnitQty>
      <Quantity>600.00</Quantity>
      <bIsWeighted>0</bIsWeighted>
      <UnitOfMeasure>100 גרם</UnitOfMeasure>
      <QtyInPackage>0</QtyInPackage>
      <ItemPrice>18.30</ItemPrice>
      <UnitOfMeasurePrice>3.05</UnitOfMeasurePrice>
      <AllowDiscount>1</AllowDiscount>
      <ItemStatus>1</ItemStatus>
    </Item>
    <Item>
      <PriceUpdateDate>2022-12-21 09:42</PriceUpdateDate>
      <ItemCode>5711953106583</ItemCode>
      <ItemType>1</ItemType>
      <ItemName>ארלה גב.שמנת טעם טבעי200</ItemName>
      <ManufacturerName>ארלה פודס אמבה</ManufacturerName>
      <ManufactureCountry>DK</ManufactureCountry>
      <ManufacturerItemDescription>ארלה גבינת שמנת</ManufacturerItemDescription>
      <UnitQty>גרמים</UnitQty>
      <Quantity>200.00</Quantity>
      <bIsWeighted>0</bIsWeighted>
      <UnitOfMeasure>100 גרם</UnitOfMeasure>
      <QtyInPackage>1</QtyInPackage>
      <ItemPrice>17.70</ItemPrice>
      <UnitOfMeasurePrice>8.85</UnitOfMeasurePrice>
      <AllowDiscount>1</AllowDiscount>
      <ItemStatus>1</ItemStatus>
    </Item>
    <Item>
      <PriceUpdateDate>2022-12-21 09:42</PriceUpdateDate>
      <ItemCode>5711953106606</ItemCode>
      <ItemType>1</ItemType>
      <ItemName>ארלה גב.שמנת ע.תיבול200ג</ItemName>
      <ManufacturerName>ארלה פודס אמבה</ManufacturerName>
      <ManufactureCountry>DK</ManufactureCountry>
      <ManufacturerItemDescription>ארלה גבינת שמנת</ManufacturerItemDescription>
      <UnitQty>גרמים</UnitQty>
      <Quantity>200.00</Quantity>
      <bIsWeighted>0</bIsWeighted>
      <UnitOfMeasure>100 גרם</UnitOfMeasure>
      <QtyInPackage>1</QtyInPackage>
      <ItemPrice>17.70</ItemPrice>
      <UnitOfMeasurePrice>8.85</UnitOfMeasurePrice>
      <AllowDiscount>1</AllowDiscount>
      <ItemStatus>1</ItemStatus>
    </Item>
    <Item>
      <PriceUpdateDate>2022-12-21 09:42</PriceUpdateDate>
      <ItemCode>5740900403284</ItemCode>
      <ItemType>1</ItemType>
      <ItemName>חמאה לורפק ללא מלח 200 ג</ItemName>
      <ManufacturerName>ארלה פודס אמבה</ManufacturerName>
      <ManufactureCountry>DK</ManufactureCountry>
      <ManufacturerItemDescription>חמאה לורפק</ManufacturerItemDescription>
      <UnitQty>גרמים</UnitQty>
      <Quantity>200.00</Quantity>
      <bIsWeighted>0</bIsWeighted>
      <UnitOfMeasure>100 גרם</UnitOfMeasure>
      <QtyInPackage>1</QtyInPackage>
      <ItemPrice>13.60</ItemPrice>
      <UnitOfMeasurePrice>6.80</UnitOfMeasurePrice>
      <AllowDiscount>1</AllowDiscount>
      <ItemStatus>1</ItemStatus>
    </Item>
    <Item>
      <PriceUpdateDate>2022-12-21 09:42</PriceUpdateDate>
      <ItemCode>5740900403864</ItemCode>
      <ItemType>1</ItemType>
      <ItemName>לורפק חמאה עם מלח 200 גר</ItemName>
      <ManufacturerName>ארלה פודס אמבה</ManufacturerName>
      <ManufactureCountry>DK</ManufactureCountry>
      <ManufacturerItemDescription>חמאת לורפק</ManufacturerItemDescription>
      <UnitQty>גרמים</UnitQty>
      <Quantity>200.00</Quantity>
      <bIsWeighted>0</bIsWeighted>
      <UnitOfMeasure>100 גרם</UnitOfMeasure>
      <QtyInPackage>1</QtyInPackage>
      <ItemPrice>13.60</ItemPrice>
      <UnitOfMeasurePrice>6.80</UnitOfMeasurePrice>
      <AllowDiscount>1</AllowDiscount>
      <ItemStatus>1</ItemStatus>
    </Item>
    <Item>
      <PriceUpdateDate>2023-01-24 12:31</PriceUpdateDate>
      <ItemCode>5900020018908</ItemCode>
      <ItemType>1</ItemType>
      <ItemName>פיטנס חט.דגנים ק.עוגיות6</ItemName>
      <ManufacturerName>סי. פי. פולין</ManufacturerName>
      <ManufactureCountry>PL</ManufactureCountry>
      <ManufacturerItemDescription>חטיפי פיטנס 6 יח</ManufacturerItemDescription>
      <UnitQty>גרמים</UnitQty>
      <Quantity>141.00</Quantity>
      <bIsWeighted>0</bIsWeighted>
      <UnitOfMeasure>100 גרם</UnitOfMeasure>
      <QtyInPackage>0</QtyInPackage>
      <ItemPrice>11.90</ItemPrice>
      <UnitOfMeasurePrice>8.44</UnitOfMeasurePrice>
      <AllowDiscount>1</AllowDiscount>
      <ItemStatus>1</ItemStatus>
    </Item>
    <Item>
      <PriceUpdateDate>2022-11-23 08:31</PriceUpdateDate>
      <ItemCode>5900020041142</ItemCode>
      <ItemType>1</ItemType>
      <ItemName>קורנפלקס פיטנס 500 גרם</ItemName>
      <ManufacturerName>סי.פי פולין</ManufacturerName>
      <ManufactureCountry>PL</ManufactureCountry>
      <ManufacturerItemDescription>קורנפלקס פיטנס</ManufacturerItemDescription>
      <UnitQty>גרמים</UnitQty>
      <Quantity>500.00</Quantity>
      <bIsWeighted>0</bIsWeighted>
      <UnitOfMeasure>100 גרם</UnitOfMeasure>
      <QtyInPackage>1</QtyInPackage>
      <ItemPrice>15.90</ItemPrice>
      <UnitOfMeasurePrice>3.18</UnitOfMeasurePrice>
      <AllowDiscount>1</AllowDiscount>
      <ItemStatus>1</ItemStatus>
    </Item>
    <Item>
      <PriceUpdateDate>2023-04-11 05:00</PriceUpdateDate>
      <ItemCode>5900627063233</ItemCode>
      <ItemType>1</ItemType>
      <ItemName>פיניש AIO הכל ב1 50 טב'</ItemName>
      <ManufacturerName>רקיט בנקיזר</ManufacturerName>
      <ManufactureCountry>PL</ManufactureCountry>
      <ManufacturerItemDescription>פיניש AIO</ManufacturerItemDescription>
      <UnitQty>יחידה</UnitQty>
      <Quantity>1.00</Quantity>
      <bIsWeighted>0</bIsWeighted>
      <UnitOfMeasure>יחידה</UnitOfMeasure>
      <QtyInPackage>1</QtyInPackage>
      <ItemPrice>36.90</ItemPrice>
      <UnitOfMeasurePrice>36.90</UnitOfMeasurePrice>
      <AllowDiscount>1</AllowDiscount>
      <ItemStatus>1</ItemStatus>
    </Item>
    <Item>
      <PriceUpdateDate>2023-03-31 07:49</PriceUpdateDate>
      <ItemCode>5906485301012</ItemCode>
      <ItemType>1</ItemType>
      <ItemName>משקה אנרגיה XL</ItemName>
      <ManufacturerName />
      <ManufactureCountry>IL</ManufactureCountry>
      <ManufacturerItemDescription>משקה אנרגיה XL</ManufacturerItemDescription>
      <UnitQty>מיליליטרים</UnitQty>
      <Quantity>250.00</Quantity>
      <bIsWeighted>0</bIsWeighted>
      <UnitOfMeasure>100 מ"ל</UnitOfMeasure>
      <QtyInPackage>0</QtyInPackage>
      <ItemPrice>4.60</ItemPrice>
      <UnitOfMeasurePrice>1.84</UnitOfMeasurePrice>
      <AllowDiscount>1</AllowDiscount>
      <ItemStatus>1</ItemStatus>
    </Item>
    <Item>
      <PriceUpdateDate>2023-01-17 09:03</PriceUpdateDate>
      <ItemCode>59455233</ItemCode>
      <ItemType>1</ItemType>
      <ItemName>ווג כחול חפיסה</ItemName>
      <ManufacturerName>bat</ManufacturerName>
      <ManufactureCountry>PL</ManufactureCountry>
      <ManufacturerItemDescription>ווג כחול</ManufacturerItemDescription>
      <UnitQty>יחידה</UnitQty>
      <Quantity>1.00</Quantity>
      <bIsWeighted>0</bIsWeighted>
      <UnitOfMeasure>יחידה</UnitOfMeasure>
      <QtyInPackage>0</QtyInPackage>
      <ItemPrice>38.70</ItemPrice>
      <UnitOfMeasurePrice>38.70</UnitOfMeasurePrice>
      <AllowDiscount>0</AllowDiscount>
      <ItemStatus>1</ItemStatus>
    </Item>
    <Item>
      <PriceUpdateDate>2023-04-16 10:20</PriceUpdateDate>
      <ItemCode>645692556277</ItemCode>
      <ItemType>1</ItemType>
      <ItemName>עוג.מצה חצי מצופה 300גרם</ItemName>
      <ManufacturerName>אחים פפושדו ובניהם בע"\מ</ManufacturerName>
      <ManufactureCountry>IL</ManufactureCountry>
      <ManufacturerItemDescription>עוגיות מצה עשירה</ManufacturerItemDescription>
      <UnitQty>גרמים</UnitQty>
      <Quantity>300.00</Quantity>
      <bIsWeighted>0</bIsWeighted>
      <UnitOfMeasure>100 גרם</UnitOfMeasure>
      <QtyInPackage>0</QtyInPackage>
      <ItemPrice>7.90</ItemPrice>
      <UnitOfMeasurePrice>2.64</UnitOfMeasurePrice>
      <AllowDiscount>1</AllowDiscount>
      <ItemStatus>1</ItemStatus>
    </Item>
    <Item>
      <PriceUpdateDate>2023-04-16 10:20</PriceUpdateDate>
      <ItemCode>645692556284</ItemCode>
      <ItemType>1</ItemType>
      <ItemName>עוג.מצה עשירה גדול 400גר</ItemName>
      <ManufacturerName>אחים פפושדו ובניהם בע"\מ</ManufacturerName>
      <ManufactureCountry>IL</ManufactureCountry>
      <ManufacturerItemDescription>עוגיות מה עשירה</ManufacturerItemDescription>
      <UnitQty>גרמים</UnitQty>
      <Quantity>400.00</Quantity>
      <bIsWeighted>0</bIsWeighted>
      <UnitOfMeasure>100 גרם</UnitOfMeasure>
      <QtyInPackage>1</QtyInPackage>
      <ItemPrice>7.90</ItemPrice>
      <UnitOfMeasurePrice>1.98</UnitOfMeasurePrice>
      <AllowDiscount>1</AllowDiscount>
      <ItemStatus>1</ItemStatus>
    </Item>
    <Item>
      <PriceUpdateDate>2023-04-16 10:20</PriceUpdateDate>
      <ItemCode>645692556314</ItemCode>
      <ItemType>1</ItemType>
      <ItemName>עוג.מצה עשירה מצופה300גר</ItemName>
      <ManufacturerName>אחים פפושדו ובניהם בע"\מ</ManufacturerName>
      <ManufactureCountry>IL</ManufactureCountry>
      <ManufacturerItemDescription>עוגיות מצה עשירה</ManufacturerItemDescription>
      <UnitQty>גרמים</UnitQty>
      <Quantity>300.00</Quantity>
      <bIsWeighted>0</bIsWeighted>
      <UnitOfMeasure>100 גרם</UnitOfMeasure>
      <QtyInPackage>1</QtyInPackage>
      <ItemPrice>7.90</ItemPrice>
      <UnitOfMeasurePrice>2.64</UnitOfMeasurePrice>
      <AllowDiscount>1</AllowDiscount>
      <ItemStatus>1</ItemStatus>
    </Item>
    <Item>
      <PriceUpdateDate>2022-03-29 11:43</PriceUpdateDate>
      <ItemCode>6935325410118</ItemCode>
      <ItemType>1</ItemType>
      <ItemName>שום יבוא מובחר</ItemName>
      <ManufacturerName>קטיף.</ManufacturerName>
      <ManufactureCountry>XX</ManufactureCountry>
      <ManufacturerItemDescription>שום יבוא מובחר</ManufacturerItemDescription>
      <UnitQty>גרמים</UnitQty>
      <Quantity>190.00</Quantity>
      <bIsWeighted>0</bIsWeighted>
      <UnitOfMeasure>100 גרם</UnitOfMeasure>
      <QtyInPackage>0</QtyInPackage>
      <ItemPrice>6.90</ItemPrice>
      <UnitOfMeasurePrice>3.63</UnitOfMeasurePrice>
      <AllowDiscount>1</AllowDiscount>
      <ItemStatus>1</ItemStatus>
    </Item>
    <Item>
      <PriceUpdateDate>2023-02-07 10:10</PriceUpdateDate>
      <ItemCode>724049694371</ItemCode>
      <ItemType>1</ItemType>
      <ItemName>רוזס מאסק אדם אשה 100מל</ItemName>
      <ManufacturerName>כללי</ManufacturerName>
      <ManufactureCountry>FR</ManufactureCountry>
      <ManufacturerItemDescription>רוזס מאסק לאישה</ManufacturerItemDescription>
      <UnitQty>מיליליטרים</UnitQty>
      <Quantity>100.00</Quantity>
      <bIsWeighted>0</bIsWeighted>
      <UnitOfMeasure>100 מ"ל</UnitOfMeasure>
      <QtyInPackage>0</QtyInPackage>
      <ItemPrice>319.00</ItemPrice>
      <UnitOfMeasurePrice>319.00</UnitOfMeasurePrice>
      <AllowDiscount>1</AllowDiscount>
      <ItemStatus>1</ItemStatus>
    </Item>
    <Item>
      <PriceUpdateDate>2018-11-19 07:51</PriceUpdateDate>
      <ItemCode>7271730901261</ItemCode>
      <ItemType>1</ItemType>
      <ItemName>ארוחת אטריות</ItemName>
      <ManufacturerName />
      <ManufactureCountry>US</ManufactureCountry>
      <ManufacturerItemDescription>ארוחת אטריות</ManufacturerItemDescription>
      <UnitQty>גרמים</UnitQty>
      <Quantity>156.00</Quantity>
      <bIsWeighted>0</bIsWeighted>
      <UnitOfMeasure>100 גרם</UnitOfMeasure>
      <QtyInPackage>0</QtyInPackage>
      <ItemPrice>11.80</ItemPrice>
      <UnitOfMeasurePrice>7.56</UnitOfMeasurePrice>
      <AllowDiscount>1</AllowDiscount>
      <ItemStatus>1</ItemStatus>
    </Item>
    <Item>
      <PriceUpdateDate>2022-07-10 06:09</PriceUpdateDate>
      <ItemCode>7290000000022</ItemCode>
      <ItemType>0</ItemType>
      <ItemName>עגבניה</ItemName>
      <ManufacturerName>קטיף.</ManufacturerName>
      <ManufactureCountry>IL</ManufactureCountry>
      <ManufacturerItemDescription>עגבניה</ManufacturerItemDescription>
      <UnitQty>קילוגרמים</UnitQty>
      <Quantity>0.00</Quantity>
      <bIsWeighted>1</bIsWeighted>
      <UnitOfMeasure>ק"ג</UnitOfMeasure>
      <QtyInPackage>0</QtyInPackage>
      <ItemPrice>7.90</ItemPrice>
      <UnitOfMeasurePrice>7.90</UnitOfMeasurePrice>
      <AllowDiscount>1</AllowDiscount>
      <ItemStatus>1</ItemStatus>
    </Item>
    <Item>
      <PriceUpdateDate>2022-04-05 09:41</PriceUpdateDate>
      <ItemCode>7290000000046</ItemCode>
      <ItemType>0</ItemType>
      <ItemName>מלפפון</ItemName>
      <ManufacturerName>קטיף.</ManufacturerName>
      <ManufactureCountry>IL</ManufactureCountry>
      <ManufacturerItemDescription>מלפפון</ManufacturerItemDescription>
      <UnitQty>קילוגרמים</UnitQty>
      <Quantity>0.00</Quantity>
      <bIsWeighted>1</bIsWeighted>
      <UnitOfMeasure>ק"ג</UnitOfMeasure>
      <QtyInPackage>0</QtyInPackage>
      <ItemPrice>7.90</ItemPrice>
      <UnitOfMeasurePrice>7.90</UnitOfMeasurePrice>
      <AllowDiscount>1</AllowDiscount>
      <ItemStatus>1</ItemStatus>
    </Item>
    <Item>
      <PriceUpdateDate>2023-02-12 13:45</PriceUpdateDate>
      <ItemCode>7290000000053</ItemCode>
      <ItemType>0</ItemType>
      <ItemName>קישואים מובחר</ItemName>
      <ManufacturerName>קטיף.</ManufacturerName>
      <ManufactureCountry>IL</ManufactureCountry>
      <ManufacturerItemDescription>קישואים מובחר</ManufacturerItemDescription>
      <UnitQty>קילוגרמים</UnitQty>
      <Quantity>0.00</Quantity>
      <bIsWeighted>1</bIsWeighted>
      <UnitOfMeasure>ק"ג</UnitOfMeasure>
      <QtyInPackage>0</QtyInPackage>
      <ItemPrice>9.90</ItemPrice>
      <UnitOfMeasurePrice>9.90</UnitOfMeasurePrice>
      <AllowDiscount>1</AllowDiscount>
      <ItemStatus>1</ItemStatus>
    </Item>
    <Item>
      <PriceUpdateDate>2023-03-06 12:32</PriceUpdateDate>
      <ItemCode>7290000000091</ItemCode>
      <ItemType>0</ItemType>
      <ItemName>פלפל אדום</ItemName>
      <ManufacturerName>קטיף.</ManufacturerName>
      <ManufactureCountry>IL</ManufactureCountry>
      <ManufacturerItemDescription>פלפל אדום</ManufacturerItemDescription>
      <UnitQty>קילוגרמים</UnitQty>
      <Quantity>0.00</Quantity>
      <bIsWeighted>1</bIsWeighted>
      <UnitOfMeasure>ק"ג</UnitOfMeasure>
      <QtyInPackage>0</QtyInPackage>
      <ItemPrice>11.90</ItemPrice>
      <UnitOfMeasurePrice>11.90</UnitOfMeasurePrice>
      <AllowDiscount>1</AllowDiscount>
      <ItemStatus>1</ItemStatus>
    </Item>
    <Item>
      <PriceUpdateDate>2023-03-06 12:32</PriceUpdateDate>
      <ItemCode>7290000000107</ItemCode>
      <ItemType>0</ItemType>
      <ItemName>פלפל ירוק כהה</ItemName>
      <ManufacturerName>קטיף.</ManufacturerName>
      <ManufactureCountry>IL</ManufactureCountry>
      <ManufacturerItemDescription>פלפל ירוק כהה</ManufacturerItemDescription>
      <UnitQty>קילוגרמים</UnitQty>
      <Quantity>0.00</Quantity>
      <bIsWeighted>1</bIsWeighted>
      <UnitOfMeasure>ק"ג</UnitOfMeasure>
      <QtyInPackage>0</QtyInPackage>
      <ItemPrice>11.90</ItemPrice>
      <UnitOfMeasurePrice>11.90</UnitOfMeasurePrice>
      <AllowDiscount>1</AllowDiscount>
      <ItemStatus>1</ItemStatus>
    </Item>
    <Item>
      <PriceUpdateDate>2023-02-12 13:45</PriceUpdateDate>
      <ItemCode>7290000000114</ItemCode>
      <ItemType>0</ItemType>
      <ItemName>חציל</ItemName>
      <ManufacturerName>קטיף.</ManufacturerName>
      <ManufactureCountry>IL</ManufactureCountry>
      <ManufacturerItemDescription>חצילים</ManufacturerItemDescription>
      <UnitQty>קילוגרמים</UnitQty>
      <Quantity>0.00</Quantity>
      <bIsWeighted>1</bIsWeighted>
      <UnitOfMeasure>ק"ג</UnitOfMeasure>
      <QtyInPackage>0</QtyInPackage>
      <ItemPrice>9.90</ItemPrice>
      <UnitOfMeasurePrice>9.90</UnitOfMeasurePrice>
      <AllowDiscount>1</AllowDiscount>
      <ItemStatus>1</ItemStatus>
    </Item>
    <Item>
      <PriceUpdateDate>2022-07-31 06:08</PriceUpdateDate>
      <ItemCode>7290000000176</ItemCode>
      <ItemType>0</ItemType>
      <ItemName>כרובית</ItemName>
      <ManufacturerName>קטיף.</ManufacturerName>
      <ManufactureCountry>IL</ManufactureCountry>
      <ManufacturerItemDescription>כרובית</ManufacturerItemDescription>
      <UnitQty>קילוגרמים</UnitQty>
      <Quantity>0.00</Quantity>
      <bIsWeighted>1</bIsWeighted>
      <UnitOfMeasure>ק"ג</UnitOfMeasure>
      <QtyInPackage>0</QtyInPackage>
      <ItemPrice>11.90</ItemPrice>
      <UnitOfMeasurePrice>11.90</UnitOfMeasurePrice>
      <AllowDiscount>1</AllowDiscount>
      <ItemStatus>1</ItemStatus>
    </Item>
    <Item>
      <PriceUpdateDate>2022-12-18 16:41</PriceUpdateDate>
      <ItemCode>7290000000282</ItemCode>
      <ItemType>0</ItemType>
      <ItemName>חסה ערבית</ItemName>
      <ManufacturerName>---</ManufacturerName>
      <ManufactureCountry>IL</ManufactureCountry>
      <ManufacturerItemDescription>חסה ערבית</ManufacturerItemDescription>
      <UnitQty>יחידה</UnitQty>
      <Quantity>1.00</Quantity>
      <bIsWeighted>0</bIsWeighted>
      <UnitOfMeasure>יחידה</UnitOfMeasure>
      <QtyInPackage>0</QtyInPackage>
      <ItemPrice>4.90</ItemPrice>
      <UnitOfMeasurePrice>4.90</UnitOfMeasurePrice>
      <AllowDiscount>1</AllowDiscount>
      <ItemStatus>1</ItemStatus>
    </Item>
    <Item>
      <PriceUpdateDate>2022-03-22 10:01</PriceUpdateDate>
      <ItemCode>7290000000428</ItemCode>
      <ItemType>0</ItemType>
      <ItemName>בטטה מובחר</ItemName>
      <ManufacturerName>קטיף.</ManufacturerName>
      <ManufactureCountry>IL</ManufactureCountry>
      <ManufacturerItemDescription>בטטה</ManufacturerItemDescription>
      <UnitQty>קילוגרמים</UnitQty>
      <Quantity>0.00</Quantity>
      <bIsWeighted>1</bIsWeighted>
      <UnitOfMeasure>ק"ג</UnitOfMeasure>
      <QtyInPackage>0</QtyInPackage>
      <ItemPrice>10.90</ItemPrice>
      <UnitOfMeasurePrice>10.90</UnitOfMeasurePrice>
      <AllowDiscount>1</AllowDiscount>
      <ItemStatus>1</ItemStatus>
    </Item>
    <Item>
      <PriceUpdateDate>2022-02-15 08:27</PriceUpdateDate>
      <ItemCode>7290000000466</ItemCode>
      <ItemType>0</ItemType>
      <ItemName>בצל ירוק יחידה</ItemName>
      <ManufacturerName>---</ManufacturerName>
      <ManufactureCountry>IL</ManufactureCountry>
      <ManufacturerItemDescription>בצל ירוק</ManufacturerItemDescription>
      <UnitQty>יחידה</UnitQty>
      <Quantity>1.00</Quantity>
      <bIsWeighted>0</bIsWeighted>
      <UnitOfMeasure>יחידה</UnitOfMeasure>
      <QtyInPackage>0</QtyInPackage>
      <ItemPrice>6.90</ItemPrice>
      <UnitOfMeasurePrice>6.90</UnitOfMeasurePrice>
      <AllowDiscount>1</AllowDiscount>
      <ItemStatus>1</ItemStatus>
    </Item>
    <Item>
      <PriceUpdateDate>2022-11-25 13:11</PriceUpdateDate>
      <ItemCode>7290000000480</ItemCode>
      <ItemType>0</ItemType>
      <ItemName>בצל יבש</ItemName>
      <ManufacturerName>קטיף.</ManufacturerName>
      <ManufactureCountry>IL</ManufactureCountry>
      <ManufacturerItemDescription>בצל יבש</ManufacturerItemDescription>
      <UnitQty>קילוגרמים</UnitQty>
      <Quantity>0.00</Quantity>
      <bIsWeighted>1</bIsWeighted>
      <UnitOfMeasure>ק"ג</UnitOfMeasure>
      <QtyInPackage>0</QtyInPackage>
      <ItemPrice>5.90</ItemPrice>
      <UnitOfMeasurePrice>5.90</UnitOfMeasurePrice>
      <AllowDiscount>1</AllowDiscount>
      <ItemStatus>1</ItemStatus>
    </Item>
    <Item>
      <PriceUpdateDate>2021-12-28 09:57</PriceUpdateDate>
      <ItemCode>7290000000503</ItemCode>
      <ItemType>0</ItemType>
      <ItemName>תפוח אדמה קטן ארוז</ItemName>
      <ManufacturerName>קטיף.</ManufacturerName>
      <ManufactureCountry>IL</ManufactureCountry>
      <ManufacturerItemDescription>תפו"א קטן ארוז</ManufacturerItemDescription>
      <UnitQty>קילוגרמים</UnitQty>
      <Quantity>0.00</Quantity>
      <bIsWeighted>1</bIsWeighted>
      <UnitOfMeasure>ק"ג</UnitOfMeasure>
      <QtyInPackage>0</QtyInPackage>
      <ItemPrice>7.90</ItemPrice>
      <UnitOfMeasurePrice>7.90</UnitOfMeasurePrice>
      <AllowDiscount>1</AllowDiscount>
      <ItemStatus>1</ItemStatus>
    </Item>
    <Item>
      <PriceUpdateDate>2018-12-10 10:53</PriceUpdateDate>
      <ItemCode>7290000000510</ItemCode>
      <ItemType>0</ItemType>
      <ItemName>פטרוזיליה</ItemName>
      <ManufacturerName>---</ManufacturerName>
      <ManufactureCountry>IL</ManufactureCountry>
      <ManufacturerItemDescription>פטרוזיליה</ManufacturerItemDescription>
      <UnitQty>יחידה</UnitQty>
      <Quantity>1.00</Quantity>
      <bIsWeighted>0</bIsWeighted>
      <UnitOfMeasure>יחידה</UnitOfMeasure>
      <QtyInPackage>0</QtyInPackage>
      <ItemPrice>4.90</ItemPrice>
      <UnitOfMeasurePrice>4.90</UnitOfMeasurePrice>
      <AllowDiscount>1</AllowDiscount>
      <ItemStatus>1</ItemStatus>
    </Item>
    <Item>
      <PriceUpdateDate>2018-12-10 10:53</PriceUpdateDate>
      <ItemCode>7290000000527</ItemCode>
      <ItemType>0</ItemType>
      <ItemName>שמיר  יחידה</ItemName>
      <ManufacturerName>---</ManufacturerName>
      <ManufactureCountry>IL</ManufactureCountry>
      <ManufacturerItemDescription>שמיר</ManufacturerItemDescription>
      <UnitQty>יחידה</UnitQty>
      <Quantity>1.00</Quantity>
      <bIsWeighted>0</bIsWeighted>
      <UnitOfMeasure>יחידה</UnitOfMeasure>
      <QtyInPackage>0</QtyInPackage>
      <ItemPrice>4.90</ItemPrice>
      <UnitOfMeasurePrice>4.90</UnitOfMeasurePrice>
      <AllowDiscount>1</AllowDiscount>
      <ItemStatus>1</ItemStatus>
    </Item>
    <Item>
      <PriceUpdateDate>2021-12-21 07:55</PriceUpdateDate>
      <ItemCode>7290000000534</ItemCode>
      <ItemType>0</ItemType>
      <ItemName>סלרי ראש</ItemName>
      <ManufacturerName>---</ManufacturerName>
      <ManufactureCountry>IL</ManufactureCountry>
      <ManufacturerItemDescription>סלרי ראש</ManufacturerItemDescription>
      <UnitQty>גרמים</UnitQty>
      <Quantity>240.00</Quantity>
      <bIsWeighted>0</bIsWeighted>
      <UnitOfMeasure>100 גרם</UnitOfMeasure>
      <QtyInPackage>0</QtyInPackage>
      <ItemPrice>6.90</ItemPrice>
      <UnitOfMeasurePrice>2.88</UnitOfMeasurePrice>
      <AllowDiscount>1</AllowDiscount>
      <ItemStatus>1</ItemStatus>
    </Item>
    <Item>
      <PriceUpdateDate>2018-12-10 10:53</PriceUpdateDate>
      <ItemCode>7290000000558</ItemCode>
      <ItemType>0</ItemType>
      <ItemName>כוסברה יחידה</ItemName>
      <ManufacturerName>---</ManufacturerName>
      <ManufactureCountry>IL</ManufactureCountry>
      <ManufacturerItemDescription>כוסברה</ManufacturerItemDescription>
      <UnitQty>יחידה</UnitQty>
      <Quantity>1.00</Quantity>
      <bIsWeighted>0</bIsWeighted>
      <UnitOfMeasure>יחידה</UnitOfMeasure>
      <QtyInPackage>0</QtyInPackage>
      <ItemPrice>4.90</ItemPrice>
      <UnitOfMeasurePrice>4.90</UnitOfMeasurePrice>
      <AllowDiscount>1</AllowDiscount>
      <ItemStatus>1</ItemStatus>
    </Item>
    <Item>
      <PriceUpdateDate>2018-12-10 10:53</PriceUpdateDate>
      <ItemCode>7290000000565</ItemCode>
      <ItemType>0</ItemType>
      <ItemName>נענע יחידה</ItemName>
      <ManufacturerName>---</ManufacturerName>
      <ManufactureCountry>IL</ManufactureCountry>
      <ManufacturerItemDescription>נענע</ManufacturerItemDescription>
      <UnitQty>יחידה</UnitQty>
      <Quantity>1.00</Quantity>
      <bIsWeighted>0</bIsWeighted>
      <UnitOfMeasure>יחידה</UnitOfMeasure>
      <QtyInPackage>0</QtyInPackage>
      <ItemPrice>4.90</ItemPrice>
      <UnitOfMeasurePrice>4.90</UnitOfMeasurePrice>
      <AllowDiscount>1</AllowDiscount>
      <ItemStatus>1</ItemStatus>
    </Item>
    <Item>
      <PriceUpdateDate>2019-07-01 18:55</PriceUpdateDate>
      <ItemCode>7290000000596</ItemCode>
      <ItemType>0</ItemType>
      <ItemName>תפוח אדמה לבן תפזורת</ItemName>
      <ManufacturerName>קטיף.</ManufacturerName>
      <ManufactureCountry>IL</ManufactureCountry>
      <ManufacturerItemDescription>תפוח אדמה תפזורת</ManufacturerItemDescription>
      <UnitQty>קילוגרמים</UnitQty>
      <Quantity>0.00</Quantity>
      <bIsWeighted>1</bIsWeighted>
      <UnitOfMeasure>ק"ג</UnitOfMeasure>
      <QtyInPackage>0</QtyInPackage>
      <ItemPrice>5.90</ItemPrice>
      <UnitOfMeasurePrice>5.90</UnitOfMeasurePrice>
      <AllowDiscount>1</AllowDiscount>
      <ItemStatus>1</ItemStatus>
    </Item>
    <Item>
      <PriceUpdateDate>2023-02-09 09:50</PriceUpdateDate>
      <ItemCode>7290000000619</ItemCode>
      <ItemType>0</ItemType>
      <ItemName>פלפל חריף</ItemName>
      <ManufacturerName>שותפות מזרחי</ManufacturerName>
      <ManufactureCountry>IL</ManufactureCountry>
      <ManufacturerItemDescription>פלפל חריף</ManufacturerItemDescription>
      <UnitQty>קילוגרמים</UnitQty>
      <Quantity>0.00</Quantity>
      <bIsWeighted>1</bIsWeighted>
      <UnitOfMeasure>ק"ג</UnitOfMeasure>
      <QtyInPackage>0</QtyInPackage>
      <ItemPrice>11.90</ItemPrice>
      <UnitOfMeasurePrice>11.90</UnitOfMeasurePrice>
      <AllowDiscount>1</AllowDiscount>
      <ItemStatus>1</ItemStatus>
    </Item>
    <Item>
      <PriceUpdateDate>2019-11-07 08:01</PriceUpdateDate>
      <ItemCode>7290000000794</ItemCode>
      <ItemType>0</ItemType>
      <ItemName>סלרי קצוץ יחידה</ItemName>
      <ManufacturerName>יראון עבודות חקלאיות</ManufacturerName>
      <ManufactureCountry>IL</ManufactureCountry>
      <ManufacturerItemDescription>גבעולי סלרי</ManufacturerItemDescription>
      <UnitQty>יחידה</UnitQty>
      <Quantity>1.00</Quantity>
      <bIsWeighted>0</bIsWeighted>
      <UnitOfMeasure>יחידה</UnitOfMeasure>
      <QtyInPackage>0</QtyInPackage>
      <ItemPrice>6.90</ItemPrice>
      <UnitOfMeasurePrice>6.90</UnitOfMeasurePrice>
      <AllowDiscount>1</AllowDiscount>
      <ItemStatus>1</ItemStatus>
    </Item>
    <Item>
      <PriceUpdateDate>2022-11-08 13:45</PriceUpdateDate>
      <ItemCode>7290000001036</ItemCode>
      <ItemType>0</ItemType>
      <ItemName>בצל יבש אדום</ItemName>
      <ManufacturerName>קטיף.</ManufacturerName>
      <ManufactureCountry>XX</ManufactureCountry>
      <ManufacturerItemDescription>בצל יבש אדום</ManufacturerItemDescription>
      <UnitQty>קילוגרמים</UnitQty>
      <Quantity>0.00</Quantity>
      <bIsWeighted>1</bIsWeighted>
      <UnitOfMeasure>ק"ג</UnitOfMeasure>
      <QtyInPackage>0</QtyInPackage>
      <ItemPrice>7.90</ItemPrice>
      <UnitOfMeasurePrice>7.90</UnitOfMeasurePrice>
      <AllowDiscount>1</AllowDiscount>
      <ItemStatus>1</ItemStatus>
    </Item>
    <Item>
      <PriceUpdateDate>2023-03-06 12:32</PriceUpdateDate>
      <ItemCode>7290000001661</ItemCode>
      <ItemType>0</ItemType>
      <ItemName>גזר תפזורת</ItemName>
      <ManufacturerName>קטיף.</ManufacturerName>
      <ManufactureCountry>IL</ManufactureCountry>
      <ManufacturerItemDescription>גזר תפזורת</ManufacturerItemDescription>
      <UnitQty>קילוגרמים</UnitQty>
      <Quantity>0.00</Quantity>
      <bIsWeighted>1</bIsWeighted>
      <UnitOfMeasure>ק"ג</UnitOfMeasure>
      <QtyInPackage>0</QtyInPackage>
      <ItemPrice>6.90</ItemPrice>
      <UnitOfMeasurePrice>6.90</UnitOfMeasurePrice>
      <AllowDiscount>1</AllowDiscount>
      <ItemStatus>1</ItemStatus>
    </Item>
    <Item>
      <PriceUpdateDate>2023-01-25 18:19</PriceUpdateDate>
      <ItemCode>7290000002040</ItemCode>
      <ItemType>0</ItemType>
      <ItemName>חלה רגילה 500 גרם</ItemName>
      <ManufacturerName>מאפית ברמן</ManufacturerName>
      <ManufactureCountry>IL</ManufactureCountry>
      <ManufacturerItemDescription>חלה רגילה</ManufacturerItemDescription>
      <UnitQty>גרמים</UnitQty>
      <Quantity>500.00</Quantity>
      <bIsWeighted>0</bIsWeighted>
      <UnitOfMeasure>100 גרם</UnitOfMeasure>
      <QtyInPackage>0</QtyInPackage>
      <ItemPrice>5.10</ItemPrice>
      <UnitOfMeasurePrice>1.02</UnitOfMeasurePrice>
      <AllowDiscount>1</AllowDiscount>
      <ItemStatus>1</ItemStatus>
    </Item>
    <Item>
      <PriceUpdateDate>2022-06-08 10:57</PriceUpdateDate>
      <ItemCode>7290000023809</ItemCode>
      <ItemType>1</ItemType>
      <ItemName>ברקן קלאסיק קברנה 750מ"ל</ItemName>
      <ManufacturerName>יקבי ברקן שיווק והפצה בע</ManufacturerName>
      <ManufactureCountry>IL</ManufactureCountry>
      <ManufacturerItemDescription>קברנה קלאסיק</ManufacturerItemDescription>
      <UnitQty>מיליליטרים</UnitQty>
      <Quantity>750.00</Quantity>
      <bIsWeighted>0</bIsWeighted>
      <UnitOfMeasure>100 מ"ל</UnitOfMeasure>
      <QtyInPackage>0</QtyInPackage>
      <ItemPrice>35.90</ItemPrice>
      <UnitOfMeasurePrice>4.79</UnitOfMeasurePrice>
      <AllowDiscount>1</AllowDiscount>
      <ItemStatus>1</ItemStatus>
    </Item>
    <Item>
      <PriceUpdateDate>2022-07-01 11:05</PriceUpdateDate>
      <ItemCode>7290000023816</ItemCode>
      <ItemType>1</ItemType>
      <ItemName>ברקן קלאסיק א.ריזלינג750</ItemName>
      <ManufacturerName>יקבי ברקן שיווק והפצה בע</ManufacturerName>
      <ManufactureCountry>IL</ManufactureCountry>
      <ManufacturerItemDescription>ריזלינג קלאסיק</ManufacturerItemDescription>
      <UnitQty>מיליליטרים</UnitQty>
      <Quantity>750.00</Quantity>
      <bIsWeighted>0</bIsWeighted>
      <UnitOfMeasure>100 מ"ל</UnitOfMeasure>
      <QtyInPackage>0</QtyInPackage>
      <ItemPrice>35.90</ItemPrice>
      <UnitOfMeasurePrice>4.79</UnitOfMeasurePrice>
      <AllowDiscount>1</AllowDiscount>
      <ItemStatus>1</ItemStatus>
    </Item>
    <Item>
      <PriceUpdateDate>2022-07-01 11:05</PriceUpdateDate>
      <ItemCode>7290000023830</ItemCode>
      <ItemType>1</ItemType>
      <ItemName>רוזה קלאסיק 750מ"ל</ItemName>
      <ManufacturerName>יקבי ברקן שיווק והפצה בע</ManufacturerName>
      <ManufactureCountry>IL</ManufactureCountry>
      <ManufacturerItemDescription>רוזה קלאסיק</ManufacturerItemDescription>
      <UnitQty>מיליליטרים</UnitQty>
      <Quantity>750.00</Quantity>
      <bIsWeighted>0</bIsWeighted>
      <UnitOfMeasure>100 מ"ל</UnitOfMeasure>
      <QtyInPackage>0</QtyInPackage>
      <ItemPrice>35.90</ItemPrice>
      <UnitOfMeasurePrice>4.79</UnitOfMeasurePrice>
      <AllowDiscount>1</AllowDiscount>
      <ItemStatus>1</ItemStatus>
    </Item>
    <Item>
      <PriceUpdateDate>2022-07-01 11:05</PriceUpdateDate>
      <ItemCode>7290000023847</ItemCode>
      <ItemType>1</ItemType>
      <ItemName>יין לבן שרדונה קלאסיק750</ItemName>
      <ManufacturerName>יקבי ברקן שיווק והפצה בע</ManufacturerName>
      <ManufactureCountry>IL</ManufactureCountry>
      <ManufacturerItemDescription>יין לבן שרדונה</ManufacturerItemDescription>
      <UnitQty>מיליליטרים</UnitQty>
      <Quantity>750.00</Quantity>
      <bIsWeighted>0</bIsWeighted>
      <UnitOfMeasure>100 מ"ל</UnitOfMeasure>
      <QtyInPackage>0</QtyInPackage>
      <ItemPrice>35.90</ItemPrice>
      <UnitOfMeasurePrice>4.79</UnitOfMeasurePrice>
      <AllowDiscount>1</AllowDiscount>
      <ItemStatus>1</ItemStatus>
    </Item>
    <Item>
      <PriceUpdateDate>2022-06-08 10:57</PriceUpdateDate>
      <ItemCode>7290000023977</ItemCode>
      <ItemType>1</ItemType>
      <ItemName>ברקן קלאסיק מרלו 750 מ"ל</ItemName>
      <ManufacturerName>יקבי ברקן שיווק והפצה בע</ManufacturerName>
      <ManufactureCountry>IL</ManufactureCountry>
      <ManufacturerItemDescription>מרלו קלאסיק</ManufacturerItemDescription>
      <UnitQty>מיליליטרים</UnitQty>
      <Quantity>750.00</Quantity>
      <bIsWeighted>0</bIsWeighted>
      <UnitOfMeasure>100 מ"ל</UnitOfMeasure>
      <QtyInPackage>0</QtyInPackage>
      <ItemPrice>35.90</ItemPrice>
      <UnitOfMeasurePrice>4.79</UnitOfMeasurePrice>
      <AllowDiscount>1</AllowDiscount>
      <ItemStatus>1</ItemStatus>
    </Item>
    <Item>
      <PriceUpdateDate>2018-11-19 07:51</PriceUpdateDate>
      <ItemCode>7290000034256</ItemCode>
      <ItemType>1</ItemType>
      <ItemName>ביסקוויט תירוש 175 גרם</ItemName>
      <ManufacturerName>מגדנית הדר</ManufacturerName>
      <ManufactureCountry>IL</ManufactureCountry>
      <ManufacturerItemDescription>ביסקוויט תירוש</ManufacturerItemDescription>
      <UnitQty>גרמים</UnitQty>
      <Quantity>175.00</Quantity>
      <bIsWeighted>0</bIsWeighted>
      <UnitOfMeasure>100 גרם</UnitOfMeasure>
      <QtyInPackage>0</QtyInPackage>
      <ItemPrice>6.90</ItemPrice>
      <UnitOfMeasurePrice>3.94</UnitOfMeasurePrice>
      <AllowDiscount>1</AllowDiscount>
      <ItemStatus>1</ItemStatus>
    </Item>
    <Item>
      <PriceUpdateDate>2023-01-02 08:18</PriceUpdateDate>
      <ItemCode>7290000040042</ItemCode>
      <ItemType>1</ItemType>
      <ItemName>יוגורט יופלה תות3% 150גר</ItemName>
      <ManufacturerName>תנובה בעמ</ManufacturerName>
      <ManufactureCountry>IL</ManufactureCountry>
      <ManufacturerItemDescription>יופלה תות 3%</ManufacturerItemDescription>
      <UnitQty>גרמים</UnitQty>
      <Quantity>150.00</Quantity>
      <bIsWeighted>0</bIsWeighted>
      <UnitOfMeasure>100 גרם</UnitOfMeasure>
      <QtyInPackage>0</QtyInPackage>
      <ItemPrice>5.50</ItemPrice>
      <UnitOfMeasurePrice>3.67</UnitOfMeasurePrice>
      <AllowDiscount>1</AllowDiscount>
      <ItemStatus>1</ItemStatus>
    </Item>
    <Item>
      <PriceUpdateDate>2023-01-02 08:18</PriceUpdateDate>
      <ItemCode>7290000040080</ItemCode>
      <ItemType>1</ItemType>
      <ItemName>יוגורט יופלה אפרסק3% 150</ItemName>
      <ManufacturerName>תנובה בעמ</ManufacturerName>
      <ManufactureCountry>IL</ManufactureCountry>
      <ManufacturerItemDescription>יופלה אפרסק3%</ManufacturerItemDescription>
      <UnitQty>גרמים</UnitQty>
      <Quantity>150.00</Quantity>
      <bIsWeighted>0</bIsWeighted>
      <UnitOfMeasure>100 גרם</UnitOfMeasure>
      <QtyInPackage>0</QtyInPackage>
      <ItemPrice>5.50</ItemPrice>
      <UnitOfMeasurePrice>3.67</UnitOfMeasurePrice>
      <AllowDiscount>1</AllowDiscount>
      <ItemStatus>1</ItemStatus>
    </Item>
    <Item>
      <PriceUpdateDate>2018-11-19 07:49</PriceUpdateDate>
      <ItemCode>7290000041445</ItemCode>
      <ItemType>1</ItemType>
      <ItemName>גבינת קוטג5'%מהדרין250גר</ItemName>
      <ManufacturerName>מחלבת אלון תבור</ManufacturerName>
      <ManufactureCountry>IL</ManufactureCountry>
      <ManufacturerItemDescription>קוטג' תנובה 5%</ManufacturerItemDescription>
      <UnitQty>גרמים</UnitQty>
      <Quantity>250.00</Quantity>
      <bIsWeighted>0</bIsWeighted>
      <UnitOfMeasure>100 גרם</UnitOfMeasure>
      <QtyInPackage>0</QtyInPackage>
      <ItemPrice>5.70</ItemPrice>
      <UnitOfMeasurePrice>2.28</UnitOfMeasurePrice>
      <AllowDiscount>1</AllowDiscount>
      <ItemStatus>1</ItemStatus>
    </Item>
    <Item>
      <PriceUpdateDate>2023-01-02 08:18</PriceUpdateDate>
      <ItemCode>7290000041858</ItemCode>
      <ItemType>1</ItemType>
      <ItemName>שמנת חמוצה15% מועשרת200</ItemName>
      <ManufacturerName>מחלבת יטבתה</ManufacturerName>
      <ManufactureCountry>IL</ManufactureCountry>
      <ManufacturerItemDescription>שמנת חמוצה יטבתה</ManufacturerItemDescription>
      <UnitQty>מיליליטרים</UnitQty>
      <Quantity>200.00</Quantity>
      <bIsWeighted>0</bIsWeighted>
      <UnitOfMeasure>100 מ"ל</UnitOfMeasure>
      <QtyInPackage>0</QtyInPackage>
      <ItemPrice>2.60</ItemPrice>
      <UnitOfMeasurePrice>1.30</UnitOfMeasurePrice>
      <AllowDiscount>1</AllowDiscount>
      <ItemStatus>1</ItemStatus>
    </Item>
    <Item>
      <PriceUpdateDate>2023-01-02 08:18</PriceUpdateDate>
      <ItemCode>7290000042640</ItemCode>
      <ItemType>1</ItemType>
      <ItemName>חלב עמיד 3% שומן 250 מ"ל</ItemName>
      <ManufacturerName>תנובה</ManufacturerName>
      <ManufactureCountry>IL</ManufactureCountry>
      <ManufacturerItemDescription>חלב עמיד 3% שומן</ManufacturerItemDescription>
      <UnitQty>מיליליטרים</UnitQty>
      <Quantity>250.00</Quantity>
      <bIsWeighted>0</bIsWeighted>
      <UnitOfMeasure>100 מ"ל</UnitOfMeasure>
      <QtyInPackage>0</QtyInPackage>
      <ItemPrice>2.90</ItemPrice>
      <UnitOfMeasurePrice>1.16</UnitOfMeasurePrice>
      <AllowDiscount>1</AllowDiscount>
      <ItemStatus>1</ItemStatus>
    </Item>
    <Item>
      <PriceUpdateDate>2022-09-04 07:26</PriceUpdateDate>
      <ItemCode>7290000043814</ItemCode>
      <ItemType>1</ItemType>
      <ItemName>שמנת עמידה לקצפת38% 250מ</ItemName>
      <ManufacturerName>תנובה</ManufacturerName>
      <ManufactureCountry>IL</ManufactureCountry>
      <ManufacturerItemDescription>שמנת עמידה לקצפת</ManufacturerItemDescription>
      <UnitQty>מיליליטרים</UnitQty>
      <Quantity>250.00</Quantity>
      <bIsWeighted>0</bIsWeighted>
      <UnitOfMeasure>100 מ"ל</UnitOfMeasure>
      <QtyInPackage>0</QtyInPackage>
      <ItemPrice>6.47</ItemPrice>
      <UnitOfMeasurePrice>2.59</UnitOfMeasurePrice>
      <AllowDiscount>1</AllowDiscount>
      <ItemStatus>1</ItemStatus>
    </Item>
    <Item>
      <PriceUpdateDate>2022-12-07 07:00</PriceUpdateDate>
      <ItemCode>7290000043944</ItemCode>
      <ItemType>1</ItemType>
      <ItemName>יוגורט בכד 4% 1.5 ל'</ItemName>
      <ManufacturerName>מחלבת אלון תבור</ManufacturerName>
      <ManufactureCountry>IL</ManufactureCountry>
      <ManufacturerItemDescription>יוגורט בכד 4%</ManufacturerItemDescription>
      <UnitQty>ליטרים</UnitQty>
      <Quantity>1.50</Quantity>
      <bIsWeighted>0</bIsWeighted>
      <UnitOfMeasure>ליטר</UnitOfMeasure>
      <QtyInPackage>0</QtyInPackage>
      <ItemPrice>17.70</ItemPrice>
      <UnitOfMeasurePrice>11.80</UnitOfMeasurePrice>
      <AllowDiscount>1</AllowDiscount>
      <ItemStatus>1</ItemStatus>
    </Item>
    <Item>
      <PriceUpdateDate>2022-12-07 07:00</PriceUpdateDate>
      <ItemCode>7290000045917</ItemCode>
      <ItemType>1</ItemType>
      <ItemName>גבינת פרומעז 23% 200ג</ItemName>
      <ManufacturerName>תנובה</ManufacturerName>
      <ManufactureCountry>IL</ManufactureCountry>
      <ManufacturerItemDescription>גבינת פרומעז</ManufacturerItemDescription>
      <UnitQty>גרמים</UnitQty>
      <Quantity>200.00</Quantity>
      <bIsWeighted>0</bIsWeighted>
      <UnitOfMeasure>100 גרם</UnitOfMeasure>
      <QtyInPackage>0</QtyInPackage>
      <ItemPrice>29.00</ItemPrice>
      <UnitOfMeasurePrice>14.50</UnitOfMeasurePrice>
      <AllowDiscount>1</AllowDiscount>
      <ItemStatus>1</ItemStatus>
    </Item>
    <Item>
      <PriceUpdateDate>2022-12-07 07:00</PriceUpdateDate>
      <ItemCode>7290000047546</ItemCode>
      <ItemType>1</ItemType>
      <ItemName>גב.כנען 5% 500 גרם</ItemName>
      <ManufacturerName>תנובה</ManufacturerName>
      <ManufactureCountry>IL</ManufactureCountry>
      <ManufacturerItemDescription>גבינת כנען 5%</ManufacturerItemDescription>
      <UnitQty>גרמים</UnitQty>
      <Quantity>500.00</Quantity>
      <bIsWeighted>0</bIsWeighted>
      <UnitOfMeasure>100 גרם</UnitOfMeasure>
      <QtyInPackage>0</QtyInPackage>
      <ItemPrice>26.80</ItemPrice>
      <UnitOfMeasurePrice>5.36</UnitOfMeasurePrice>
      <AllowDiscount>1</AllowDiscount>
      <ItemStatus>1</ItemStatus>
    </Item>
    <Item>
      <PriceUpdateDate>2023-01-11 08:35</PriceUpdateDate>
      <ItemCode>7290000055015</ItemCode>
      <ItemType>1</ItemType>
      <ItemName>פיראוס פטה כבשים 5% 250ג</ItemName>
      <ManufacturerName>תנובה</ManufacturerName>
      <ManufactureCountry>IL</ManufactureCountry>
      <ManufacturerItemDescription>פטה כבשים פיראוס</ManufacturerItemDescription>
      <UnitQty>גרמים</UnitQty>
      <Quantity>250.00</Quantity>
      <bIsWeighted>0</bIsWeighted>
      <UnitOfMeasure>100 גרם</UnitOfMeasure>
      <QtyInPackage>0</QtyInPackage>
      <ItemPrice>31.50</ItemPrice>
      <UnitOfMeasurePrice>12.60</UnitOfMeasurePrice>
      <AllowDiscount>1</AllowDiscount>
      <ItemStatus>1</ItemStatus>
    </Item>
    <Item>
      <PriceUpdateDate>2023-01-11 08:35</PriceUpdateDate>
      <ItemCode>7290000056951</ItemCode>
      <ItemType>1</ItemType>
      <ItemName>שמנת לבישול 15%</ItemName>
      <ManufacturerName />
      <ManufactureCountry>IL</ManufactureCountry>
      <ManufacturerItemDescription>שמנת לבישול 15%</ManufacturerItemDescription>
      <UnitQty>מיליליטרים</UnitQty>
      <Quantity>500.00</Quantity>
      <bIsWeighted>0</bIsWeighted>
      <UnitOfMeasure>100 מ"ל</UnitOfMeasure>
      <QtyInPackage>0</QtyInPackage>
      <ItemPrice>17.40</ItemPrice>
      <UnitOfMeasurePrice>3.48</UnitOfMeasurePrice>
      <AllowDiscount>1</AllowDiscount>
      <ItemStatus>1</ItemStatus>
    </Item>
    <Item>
      <PriceUpdateDate>2023-01-11 08:35</PriceUpdateDate>
      <ItemCode>7290000057088</ItemCode>
      <ItemType>1</ItemType>
      <ItemName>גבינת עמק דק דק 28% 200ג</ItemName>
      <ManufacturerName>תנובה</ManufacturerName>
      <ManufactureCountry>IL</ManufactureCountry>
      <ManufacturerItemDescription>עמק דק28% 200גרם</ManufacturerItemDescription>
      <UnitQty>גרמים</UnitQty>
      <Quantity>200.00</Quantity>
      <bIsWeighted>0</bIsWeighted>
      <UnitOfMeasure>100 גרם</UnitOfMeasure>
      <QtyInPackage>0</QtyInPackage>
      <ItemPrice>17.50</ItemPrice>
      <UnitOfMeasurePrice>8.75</UnitOfMeasurePrice>
      <AllowDiscount>1</AllowDiscount>
      <ItemStatus>1</ItemStatus>
    </Item>
    <Item>
      <PriceUpdateDate>2023-01-02 08:18</PriceUpdateDate>
      <ItemCode>7290000057118</ItemCode>
      <ItemType>1</ItemType>
      <ItemName>גבינת עמק פרוסה</ItemName>
      <ManufacturerName />
      <ManufactureCountry>IL</ManufactureCountry>
      <ManufacturerItemDescription>גבינת עמק פרוסה</ManufacturerItemDescription>
      <UnitQty>גרמים</UnitQty>
      <Quantity>400.00</Quantity>
      <bIsWeighted>0</bIsWeighted>
      <UnitOfMeasure>100 גרם</UnitOfMeasure>
      <QtyInPackage>0</QtyInPackage>
      <ItemPrice>24.30</ItemPrice>
      <UnitOfMeasurePrice>6.08</UnitOfMeasurePrice>
      <AllowDiscount>1</AllowDiscount>
      <ItemStatus>1</ItemStatus>
    </Item>
    <Item>
      <PriceUpdateDate>2018-11-19 07:49</PriceUpdateDate>
      <ItemCode>7290000057132</ItemCode>
      <ItemType>1</ItemType>
      <ItemName>יוגורט תנובה1.5%</ItemName>
      <ManufacturerName />
      <ManufactureCountry>IL</ManufactureCountry>
      <ManufacturerItemDescription>יוגורט תנובה1.5%</ManufacturerItemDescription>
      <UnitQty>גרמים</UnitQty>
      <Quantity>200.00</Quantity>
      <bIsWeighted>0</bIsWeighted>
      <UnitOfMeasure>100 גרם</UnitOfMeasure>
      <QtyInPackage>0</QtyInPackage>
      <ItemPrice>3.20</ItemPrice>
      <UnitOfMeasurePrice>1.60</UnitOfMeasurePrice>
      <AllowDiscount>1</AllowDiscount>
      <ItemStatus>1</ItemStatus>
    </Item>
    <Item>
      <PriceUpdateDate>2023-01-03 11:29</PriceUpdateDate>
      <ItemCode>7290000060071</ItemCode>
      <ItemType>1</ItemType>
      <ItemName>חטיפ.פריכונים ט.טבעי80גר</ItemName>
      <ManufacturerName>פרח תעשיות מזון בע"מ.</ManufacturerName>
      <ManufactureCountry>IL</ManufactureCountry>
      <ManufacturerItemDescription>חטיפי פריכונים</ManufacturerItemDescription>
      <UnitQty>גרמים</UnitQty>
      <Quantity>80.00</Quantity>
      <bIsWeighted>0</bIsWeighted>
      <UnitOfMeasure>100 גרם</UnitOfMeasure>
      <QtyInPackage>0</QtyInPackage>
      <ItemPrice>8.60</ItemPrice>
      <UnitOfMeasurePrice>10.75</UnitOfMeasurePrice>
      <AllowDiscount>1</AllowDiscount>
      <ItemStatus>1</ItemStatus>
    </Item>
    <Item>
      <PriceUpdateDate>2023-01-03 11:29</PriceUpdateDate>
      <ItemCode>7290000060217</ItemCode>
      <ItemType>1</ItemType>
      <ItemName>פסטה מקרוני 7 500 גרם</ItemName>
      <ManufacturerName>פסטה זארה</ManufacturerName>
      <ManufactureCountry>IT</ManufactureCountry>
      <ManufacturerItemDescription>פסטה מקרוני 7</ManufacturerItemDescription>
      <UnitQty>גרמים</UnitQty>
      <Quantity>500.00</Quantity>
      <bIsWeighted>0</bIsWeighted>
      <UnitOfMeasure>100 גרם</UnitOfMeasure>
      <QtyInPackage>0</QtyInPackage>
      <ItemPrice>6.90</ItemPrice>
      <UnitOfMeasurePrice>1.38</UnitOfMeasurePrice>
      <AllowDiscount>1</AllowDiscount>
      <ItemStatus>1</ItemStatus>
    </Item>
    <Item>
      <PriceUpdateDate>2023-01-03 11:29</PriceUpdateDate>
      <ItemCode>7290000060408</ItemCode>
      <ItemType>1</ItemType>
      <ItemName>פתיתים טבעות 500 גרם</ItemName>
      <ManufacturerName>אסם השקעות בע"\מ</ManufacturerName>
      <ManufactureCountry>IL</ManufactureCountry>
      <ManufacturerItemDescription>פתיתים טבעות</ManufacturerItemDescription>
      <UnitQty>גרמים</UnitQty>
      <Quantity>500.00</Quantity>
      <bIsWeighted>0</bIsWeighted>
      <UnitOfMeasure>100 גרם</UnitOfMeasure>
      <QtyInPackage>0</QtyInPackage>
      <ItemPrice>8.30</ItemPrice>
      <UnitOfMeasurePrice>1.66</UnitOfMeasurePrice>
      <AllowDiscount>1</AllowDiscount>
      <ItemStatus>1</ItemStatus>
    </Item>
    <Item>
      <PriceUpdateDate>2023-01-03 11:29</PriceUpdateDate>
      <ItemCode>7290000060576</ItemCode>
      <ItemType>1</ItemType>
      <ItemName>פתיתים אפויים כוכבים500ג</ItemName>
      <ManufacturerName>אסם השקעות בע"\מ</ManufacturerName>
      <ManufactureCountry>IL</ManufactureCountry>
      <ManufacturerItemDescription>פתיתים אפויים</ManufacturerItemDescription>
      <UnitQty>גרמים</UnitQty>
      <Quantity>500.00</Quantity>
      <bIsWeighted>0</bIsWeighted>
      <UnitOfMeasure>100 גרם</UnitOfMeasure>
      <QtyInPackage>0</QtyInPackage>
      <ItemPrice>8.30</ItemPrice>
      <UnitOfMeasurePrice>1.66</UnitOfMeasurePrice>
      <AllowDiscount>1</AllowDiscount>
      <ItemStatus>1</ItemStatus>
    </Item>
    <Item>
      <PriceUpdateDate>2023-01-03 11:29</PriceUpdateDate>
      <ItemCode>7290000060828</ItemCode>
      <ItemType>1</ItemType>
      <ItemName>פסטה קרניים בינוניות500ג</ItemName>
      <ManufacturerName>פסטה זארה</ManufacturerName>
      <ManufactureCountry>IT</ManufactureCountry>
      <ManufacturerItemDescription>פסטה קרניים</ManufacturerItemDescription>
      <UnitQty>גרמים</UnitQty>
      <Quantity>500.00</Quantity>
      <bIsWeighted>0</bIsWeighted>
      <UnitOfMeasure>100 גרם</UnitOfMeasure>
      <QtyInPackage>0</QtyInPackage>
      <ItemPrice>6.90</ItemPrice>
      <UnitOfMeasurePrice>1.38</UnitOfMeasurePrice>
      <AllowDiscount>1</AllowDiscount>
      <ItemStatus>1</ItemStatus>
    </Item>
    <Item>
      <PriceUpdateDate>2023-01-03 11:29</PriceUpdateDate>
      <ItemCode>7290000060842</ItemCode>
      <ItemType>1</ItemType>
      <ItemName>פסטה צדפים גדולים 500 גר</ItemName>
      <ManufacturerName>פסטה זארה</ManufacturerName>
      <ManufactureCountry>IT</ManufactureCountry>
      <ManufacturerItemDescription>פסטה צדפים אסם</ManufacturerItemDescription>
      <UnitQty>גרמים</UnitQty>
      <Quantity>500.00</Quantity>
      <bIsWeighted>0</bIsWeighted>
      <UnitOfMeasure>100 גרם</UnitOfMeasure>
      <QtyInPackage>0</QtyInPackage>
      <ItemPrice>6.90</ItemPrice>
      <UnitOfMeasurePrice>1.38</UnitOfMeasurePrice>
      <AllowDiscount>1</AllowDiscount>
      <ItemStatus>1</ItemStatus>
    </Item>
    <Item>
      <PriceUpdateDate>2018-11-19 07:51</PriceUpdateDate>
      <ItemCode>7290000060965</ItemCode>
      <ItemType>1</ItemType>
      <ItemName>אטריות רחבות 400 גרם</ItemName>
      <ManufacturerName>אסם השקעות בע"\מ</ManufacturerName>
      <ManufactureCountry>IL</ManufactureCountry>
      <ManufacturerItemDescription>אטריות רחבות</ManufacturerItemDescription>
      <UnitQty>גרמים</UnitQty>
      <Quantity>400.00</Quantity>
      <bIsWeighted>0</bIsWeighted>
      <UnitOfMeasure>100 גרם</UnitOfMeasure>
      <QtyInPackage>0</QtyInPackage>
      <ItemPrice>7.50</ItemPrice>
      <UnitOfMeasurePrice>1.88</UnitOfMeasurePrice>
      <AllowDiscount>1</AllowDiscount>
      <ItemStatus>1</ItemStatus>
    </Item>
    <Item>
      <PriceUpdateDate>2023-01-03 11:29</PriceUpdateDate>
      <ItemCode>7290000064758</ItemCode>
      <ItemType>1</ItemType>
      <ItemName>קוסקוס בינוני 350 גרם</ItemName>
      <ManufacturerName>קוסקוס מזון</ManufacturerName>
      <ManufactureCountry>IL</ManufactureCountry>
      <ManufacturerItemDescription>קוסקוס בינוני</ManufacturerItemDescription>
      <UnitQty>גרמים</UnitQty>
      <Quantity>350.00</Quantity>
      <bIsWeighted>0</bIsWeighted>
      <UnitOfMeasure>100 גרם</UnitOfMeasure>
      <QtyInPackage>0</QtyInPackage>
      <ItemPrice>9.40</ItemPrice>
      <UnitOfMeasurePrice>2.69</UnitOfMeasurePrice>
      <AllowDiscount>1</AllowDiscount>
      <ItemStatus>1</ItemStatus>
    </Item>
    <Item>
      <PriceUpdateDate>2023-01-03 11:29</PriceUpdateDate>
      <ItemCode>7290000065090</ItemCode>
      <ItemType>1</ItemType>
      <ItemName>מיני קרוטונים מתובל400 ג</ItemName>
      <ManufacturerName>עינת תעשיות</ManufacturerName>
      <ManufactureCountry>IL</ManufactureCountry>
      <ManufacturerItemDescription>מיני קרוטונים</ManufacturerItemDescription>
      <UnitQty>גרמים</UnitQty>
      <Quantity>400.00</Quantity>
      <bIsWeighted>0</bIsWeighted>
      <UnitOfMeasure>100 גרם</UnitOfMeasure>
      <QtyInPackage>0</QtyInPackage>
      <ItemPrice>28.10</ItemPrice>
      <UnitOfMeasurePrice>7.03</UnitOfMeasurePrice>
      <AllowDiscount>1</AllowDiscount>
      <ItemStatus>1</ItemStatus>
    </Item>
    <Item>
      <PriceUpdateDate>2023-03-05 09:04</PriceUpdateDate>
      <ItemCode>7290000066141</ItemCode>
      <ItemType>1</ItemType>
      <ItemName>ביסלי גריל 70 גרם</ItemName>
      <ManufacturerName>אסם השקעות בע"\מ</ManufacturerName>
      <ManufactureCountry>IL</ManufactureCountry>
      <ManufacturerItemDescription>ביסלי גריל</ManufacturerItemDescription>
      <UnitQty>גרמים</UnitQty>
      <Quantity>70.00</Quantity>
      <bIsWeighted>0</bIsWeighted>
      <UnitOfMeasure>100 גרם</UnitOfMeasure>
      <QtyInPackage>0</QtyInPackage>
      <ItemPrice>4.80</ItemPrice>
      <UnitOfMeasurePrice>6.86</UnitOfMeasurePrice>
      <AllowDiscount>1</AllowDiscount>
      <ItemStatus>1</ItemStatus>
    </Item>
    <Item>
      <PriceUpdateDate>2023-01-03 11:29</PriceUpdateDate>
      <ItemCode>7290000066264</ItemCode>
      <ItemType>1</ItemType>
      <ItemName>דובונים-חטיפים מלוחים40ג</ItemName>
      <ManufacturerName>אסם השקעות בע"\מ</ManufacturerName>
      <ManufactureCountry>IL</ManufactureCountry>
      <ManufacturerItemDescription>חטיפי דובונים</ManufacturerItemDescription>
      <UnitQty>גרמים</UnitQty>
      <Quantity>40.00</Quantity>
      <bIsWeighted>0</bIsWeighted>
      <UnitOfMeasure>100 גרם</UnitOfMeasure>
      <QtyInPackage>0</QtyInPackage>
      <ItemPrice>5.20</ItemPrice>
      <UnitOfMeasurePrice>13.00</UnitOfMeasurePrice>
      <AllowDiscount>1</AllowDiscount>
      <ItemStatus>1</ItemStatus>
    </Item>
    <Item>
      <PriceUpdateDate>2018-11-19 07:51</PriceUpdateDate>
      <ItemCode>7290000066295</ItemCode>
      <ItemType>1</ItemType>
      <ItemName>במבה מתוקה 30 גרם</ItemName>
      <ManufacturerName>אסם השקעות בע"\מ</ManufacturerName>
      <ManufactureCountry>IL</ManufactureCountry>
      <ManufacturerItemDescription>במבה מתוקה</ManufacturerItemDescription>
      <UnitQty>גרמים</UnitQty>
      <Quantity>30.00</Quantity>
      <bIsWeighted>0</bIsWeighted>
      <UnitOfMeasure>100 גרם</UnitOfMeasure>
      <QtyInPackage>0</QtyInPackage>
      <ItemPrice>2.90</ItemPrice>
      <UnitOfMeasurePrice>9.67</UnitOfMeasurePrice>
      <AllowDiscount>1</AllowDiscount>
      <ItemStatus>1</ItemStatus>
    </Item>
    <Item>
      <PriceUpdateDate>2023-03-05 09:04</PriceUpdateDate>
      <ItemCode>7290000066332</ItemCode>
      <ItemType>1</ItemType>
      <ItemName>אפרופו 50 גרם</ItemName>
      <ManufacturerName>אסם השקעות בע"\מ</ManufacturerName>
      <ManufactureCountry>IL</ManufactureCountry>
      <ManufacturerItemDescription>חטיף אפרופו</ManufacturerItemDescription>
      <UnitQty>גרמים</UnitQty>
      <Quantity>50.00</Quantity>
      <bIsWeighted>0</bIsWeighted>
      <UnitOfMeasure>100 גרם</UnitOfMeasure>
      <QtyInPackage>0</QtyInPackage>
      <ItemPrice>6.20</ItemPrice>
      <UnitOfMeasurePrice>12.40</UnitOfMeasurePrice>
      <AllowDiscount>1</AllowDiscount>
      <ItemStatus>1</ItemStatus>
    </Item>
    <Item>
      <PriceUpdateDate>2023-03-05 09:04</PriceUpdateDate>
      <ItemCode>7290000066431</ItemCode>
      <ItemType>1</ItemType>
      <ItemName>פופקו בטעם חמאה ודבש80גר</ItemName>
      <ManufacturerName>אסם השקעות בע"\מ</ManufacturerName>
      <ManufactureCountry>IL</ManufactureCountry>
      <ManufacturerItemDescription>חטיף פופקו</ManufacturerItemDescription>
      <UnitQty>גרמים</UnitQty>
      <Quantity>80.00</Quantity>
      <bIsWeighted>0</bIsWeighted>
      <UnitOfMeasure>100 גרם</UnitOfMeasure>
      <QtyInPackage>0</QtyInPackage>
      <ItemPrice>5.90</ItemPrice>
      <UnitOfMeasurePrice>7.38</UnitOfMeasurePrice>
      <AllowDiscount>1</AllowDiscount>
      <ItemStatus>1</ItemStatus>
    </Item>
    <Item>
      <PriceUpdateDate>2018-11-19 07:51</PriceUpdateDate>
      <ItemCode>7290000067537</ItemCode>
      <ItemType>1</ItemType>
      <ItemName>ביסלי גריל כשל"פ 70 גרם</ItemName>
      <ManufacturerName>אסם השקעות בע"\מ</ManufacturerName>
      <ManufactureCountry>IL</ManufactureCountry>
      <ManufacturerItemDescription>ביסלי גריל</ManufacturerItemDescription>
      <UnitQty>גרמים</UnitQty>
      <Quantity>70.00</Quantity>
      <bIsWeighted>0</bIsWeighted>
      <UnitOfMeasure>100 גרם</UnitOfMeasure>
      <QtyInPackage>0</QtyInPackage>
      <ItemPrice>4.50</ItemPrice>
      <UnitOfMeasurePrice>6.43</UnitOfMeasurePrice>
      <AllowDiscount>1</AllowDiscount>
      <ItemStatus>1</ItemStatus>
    </Item>
    <Item>
      <PriceUpdateDate>2023-04-16 10:20</PriceUpdateDate>
      <ItemCode>7290000068152</ItemCode>
      <ItemType>1</ItemType>
      <ItemName>רוטב צלי בשר כשל"פ 22גרם</ItemName>
      <ManufacturerName>אסם השקעות בע"\מ</ManufacturerName>
      <ManufactureCountry>IL</ManufactureCountry>
      <ManufacturerItemDescription>רוטב צלי בשר</ManufacturerItemDescription>
      <UnitQty>גרמים</UnitQty>
      <Quantity>22.00</Quantity>
      <bIsWeighted>0</bIsWeighted>
      <UnitOfMeasure>100 גרם</UnitOfMeasure>
      <QtyInPackage>0</QtyInPackage>
      <ItemPrice>2.90</ItemPrice>
      <UnitOfMeasurePrice>13.18</UnitOfMeasurePrice>
      <AllowDiscount>1</AllowDiscount>
      <ItemStatus>1</ItemStatus>
    </Item>
    <Item>
      <PriceUpdateDate>2018-11-19 07:51</PriceUpdateDate>
      <ItemCode>7290000068299</ItemCode>
      <ItemType>1</ItemType>
      <ItemName>מנה חמה פירה+פטריות47גר</ItemName>
      <ManufacturerName>אסם השקעות בע"\מ</ManufacturerName>
      <ManufactureCountry>IL</ManufactureCountry>
      <ManufacturerItemDescription>מנה חמה פירה</ManufacturerItemDescription>
      <UnitQty>גרמים</UnitQty>
      <Quantity>47.00</Quantity>
      <bIsWeighted>0</bIsWeighted>
      <UnitOfMeasure>100 גרם</UnitOfMeasure>
      <QtyInPackage>0</QtyInPackage>
      <ItemPrice>8.00</ItemPrice>
      <UnitOfMeasurePrice>17.02</UnitOfMeasurePrice>
      <AllowDiscount>1</AllowDiscount>
      <ItemStatus>1</ItemStatus>
    </Item>
    <Item>
      <PriceUpdateDate>2023-01-03 11:29</PriceUpdateDate>
      <ItemCode>7290000068701</ItemCode>
      <ItemType>1</ItemType>
      <ItemName>שקדי מרק במיכל 400 גרם</ItemName>
      <ManufacturerName>אסם השקעות בע"מ</ManufacturerName>
      <ManufactureCountry>IL</ManufactureCountry>
      <ManufacturerItemDescription>שקדי מרק במיכל</ManufacturerItemDescription>
      <UnitQty>גרמים</UnitQty>
      <Quantity>400.00</Quantity>
      <bIsWeighted>0</bIsWeighted>
      <UnitOfMeasure>100 גרם</UnitOfMeasure>
      <QtyInPackage>0</QtyInPackage>
      <ItemPrice>18.20</ItemPrice>
      <UnitOfMeasurePrice>4.55</UnitOfMeasurePrice>
      <AllowDiscount>1</AllowDiscount>
      <ItemStatus>1</ItemStatus>
    </Item>
    <Item>
      <PriceUpdateDate>2018-11-19 07:51</PriceUpdateDate>
      <ItemCode>7290000068787</ItemCode>
      <ItemType>1</ItemType>
      <ItemName>במבה יום הולדת 25ג בד"צ</ItemName>
      <ManufacturerName>אסם השקעות בע"\מ</ManufacturerName>
      <ManufactureCountry>IL</ManufactureCountry>
      <ManufacturerItemDescription>במבה יום הולדת</ManufacturerItemDescription>
      <UnitQty>גרמים</UnitQty>
      <Quantity>25.00</Quantity>
      <bIsWeighted>0</bIsWeighted>
      <UnitOfMeasure>100 גרם</UnitOfMeasure>
      <QtyInPackage>0</QtyInPackage>
      <ItemPrice>2.50</ItemPrice>
      <UnitOfMeasurePrice>10.00</UnitOfMeasurePrice>
      <AllowDiscount>1</AllowDiscount>
      <ItemStatus>1</ItemStatus>
    </Item>
    <Item>
      <PriceUpdateDate>2023-01-03 11:29</PriceUpdateDate>
      <ItemCode>7290000070308</ItemCode>
      <ItemType>1</ItemType>
      <ItemName>מרק עוף אמיתי 400 גרם</ItemName>
      <ManufacturerName>אסם השקעות בע"\מ</ManufacturerName>
      <ManufactureCountry>IL</ManufactureCountry>
      <ManufacturerItemDescription>מרק עוף אמיתי</ManufacturerItemDescription>
      <UnitQty>גרמים</UnitQty>
      <Quantity>400.00</Quantity>
      <bIsWeighted>0</bIsWeighted>
      <UnitOfMeasure>100 גרם</UnitOfMeasure>
      <QtyInPackage>0</QtyInPackage>
      <ItemPrice>23.00</ItemPrice>
      <UnitOfMeasurePrice>5.75</UnitOfMeasurePrice>
      <AllowDiscount>1</AllowDiscount>
      <ItemStatus>1</ItemStatus>
    </Item>
    <Item>
      <PriceUpdateDate>2018-11-19 07:51</PriceUpdateDate>
      <ItemCode>7290000072784</ItemCode>
      <ItemType>1</ItemType>
      <ItemName>טסטרס צ'ויס נט.קפאין100ג</ItemName>
      <ManufacturerName>לוטה נסטלה קוריאה</ManufacturerName>
      <ManufactureCountry>KR</ManufactureCountry>
      <ManufacturerItemDescription>קפה טסטרס צויס</ManufacturerItemDescription>
      <UnitQty>גרמים</UnitQty>
      <Quantity>100.00</Quantity>
      <bIsWeighted>0</bIsWeighted>
      <UnitOfMeasure>100 גרם</UnitOfMeasure>
      <QtyInPackage>0</QtyInPackage>
      <ItemPrice>29.60</ItemPrice>
      <UnitOfMeasurePrice>29.60</UnitOfMeasurePrice>
      <AllowDiscount>1</AllowDiscount>
      <ItemStatus>1</ItemStatus>
    </Item>
    <Item>
      <PriceUpdateDate>2023-01-03 11:29</PriceUpdateDate>
      <ItemCode>7290000076126</ItemCode>
      <ItemType>1</ItemType>
      <ItemName>בייגלה שמיניות קטנות80גר</ItemName>
      <ManufacturerName>אסם השקעות בע"\מ</ManufacturerName>
      <ManufactureCountry>IL</ManufactureCountry>
      <ManufacturerItemDescription>בייגלה שמיניות</ManufacturerItemDescription>
      <UnitQty>גרמים</UnitQty>
      <Quantity>80.00</Quantity>
      <bIsWeighted>0</bIsWeighted>
      <UnitOfMeasure>100 גרם</UnitOfMeasure>
      <QtyInPackage>0</QtyInPackage>
      <ItemPrice>3.90</ItemPrice>
      <UnitOfMeasurePrice>4.88</UnitOfMeasurePrice>
      <AllowDiscount>1</AllowDiscount>
      <ItemStatus>1</ItemStatus>
    </Item>
    <Item>
      <PriceUpdateDate>2023-01-03 11:30</PriceUpdateDate>
      <ItemCode>7290000098296</ItemCode>
      <ItemType>0</ItemType>
      <ItemName>לחמניית אצבע</ItemName>
      <ManufacturerName>גידרון</ManufacturerName>
      <ManufactureCountry>IL</ManufactureCountry>
      <ManufacturerItemDescription>לחמניית אצבע</ManufacturerItemDescription>
      <UnitQty>יחידה</UnitQty>
      <Quantity>1.00</Quantity>
      <bIsWeighted>0</bIsWeighted>
      <UnitOfMeasure>יחידה</UnitOfMeasure>
      <QtyInPackage>0</QtyInPackage>
      <ItemPrice>2.90</ItemPrice>
      <UnitOfMeasurePrice>2.90</UnitOfMeasurePrice>
      <AllowDiscount>1</AllowDiscount>
      <ItemStatus>1</ItemStatus>
    </Item>
    <Item>
      <PriceUpdateDate>2018-11-19 01:03</PriceUpdateDate>
      <ItemCode>7290000104720</ItemCode>
      <ItemType>1</ItemType>
      <ItemName>שעועית ירוקה חתוכה 800 ג</ItemName>
      <ManufacturerName>סנפרוסט בע"\מ</ManufacturerName>
      <ManufactureCountry>IL</ManufactureCountry>
      <ManufacturerItemDescription>שעועית ירוקה</ManufacturerItemDescription>
      <UnitQty>גרמים</UnitQty>
      <Quantity>800.00</Quantity>
      <bIsWeighted>0</bIsWeighted>
      <UnitOfMeasure>100 גרם</UnitOfMeasure>
      <QtyInPackage>0</QtyInPackage>
      <ItemPrice>20.90</ItemPrice>
      <UnitOfMeasurePrice>2.61</UnitOfMeasurePrice>
      <AllowDiscount>1</AllowDiscount>
      <ItemStatus>1</ItemStatus>
    </Item>
    <Item>
      <PriceUpdateDate>2018-12-11 10:47</PriceUpdateDate>
      <ItemCode>7290000104768</ItemCode>
      <ItemType>1</ItemType>
      <ItemName>תרד עלים מוקפא 800 גרם</ItemName>
      <ManufacturerName>סנפרוסט בע"\מ</ManufacturerName>
      <ManufactureCountry>IL</ManufactureCountry>
      <ManufacturerItemDescription>תרד עלים מוקפא</ManufacturerItemDescription>
      <UnitQty>גרמים</UnitQty>
      <Quantity>800.00</Quantity>
      <bIsWeighted>0</bIsWeighted>
      <UnitOfMeasure>100 גרם</UnitOfMeasure>
      <QtyInPackage>0</QtyInPackage>
      <ItemPrice>28.40</ItemPrice>
      <UnitOfMeasurePrice>3.55</UnitOfMeasurePrice>
      <AllowDiscount>1</AllowDiscount>
      <ItemStatus>1</ItemStatus>
    </Item>
    <Item>
      <PriceUpdateDate>2018-12-11 10:47</PriceUpdateDate>
      <ItemCode>7290000107189</ItemCode>
      <ItemType>1</ItemType>
      <ItemName>ארטישוק תחתיות 400 גרם</ItemName>
      <ManufacturerName>סנפרוסט בע"\מ</ManufacturerName>
      <ManufactureCountry>IL</ManufactureCountry>
      <ManufacturerItemDescription>תחתיות ארטישוק</ManufacturerItemDescription>
      <UnitQty>גרמים</UnitQty>
      <Quantity>400.00</Quantity>
      <bIsWeighted>0</bIsWeighted>
      <UnitOfMeasure>100 גרם</UnitOfMeasure>
      <QtyInPackage>0</QtyInPackage>
      <ItemPrice>24.70</ItemPrice>
      <UnitOfMeasurePrice>6.18</UnitOfMeasurePrice>
      <AllowDiscount>1</AllowDiscount>
      <ItemStatus>1</ItemStatus>
    </Item>
    <Item>
      <PriceUpdateDate>2023-04-14 09:13</PriceUpdateDate>
      <ItemCode>7290000110844</ItemCode>
      <ItemType>1</ItemType>
      <ItemName>חטיף כיפלי בטעם גריל70ג</ItemName>
      <ManufacturerName>יוניליוור</ManufacturerName>
      <ManufactureCountry>IL</ManufactureCountry>
      <ManufacturerItemDescription>כיפלי בטעם גריל</ManufacturerItemDescription>
      <UnitQty>גרמים</UnitQty>
      <Quantity>70.00</Quantity>
      <bIsWeighted>0</bIsWeighted>
      <UnitOfMeasure>100 גרם</UnitOfMeasure>
      <QtyInPackage>0</QtyInPackage>
      <ItemPrice>7.50</ItemPrice>
      <UnitOfMeasurePrice>10.71</UnitOfMeasurePrice>
      <AllowDiscount>1</AllowDiscount>
      <ItemStatus>1</ItemStatus>
    </Item>
    <Item>
      <PriceUpdateDate>2023-04-14 09:13</PriceUpdateDate>
      <ItemCode>7290000110851</ItemCode>
      <ItemType>1</ItemType>
      <ItemName>חטיף כיפלי בטעם בצל 70גר</ItemName>
      <ManufacturerName>יוניליוור</ManufacturerName>
      <ManufactureCountry>IL</ManufactureCountry>
      <ManufacturerItemDescription>כיפלי בטעם בצל</ManufacturerItemDescription>
      <UnitQty>גרמים</UnitQty>
      <Quantity>70.00</Quantity>
      <bIsWeighted>0</bIsWeighted>
      <UnitOfMeasure>100 גרם</UnitOfMeasure>
      <QtyInPackage>0</QtyInPackage>
      <ItemPrice>7.50</ItemPrice>
      <UnitOfMeasurePrice>10.71</UnitOfMeasurePrice>
      <AllowDiscount>1</AllowDiscount>
      <ItemStatus>1</ItemStatus>
    </Item>
    <Item>
      <PriceUpdateDate>2023-04-14 09:13</PriceUpdateDate>
      <ItemCode>7290000111186</ItemCode>
      <ItemType>1</ItemType>
      <ItemName>מיונז אמיתי תלמה 500 גרם</ItemName>
      <ManufacturerName>יוניליוור ישראל מזון בע\</ManufacturerName>
      <ManufactureCountry>IL</ManufactureCountry>
      <ManufacturerItemDescription>מיונז אמיתי תלמה</ManufacturerItemDescription>
      <UnitQty>גרמים</UnitQty>
      <Quantity>500.00</Quantity>
      <bIsWeighted>0</bIsWeighted>
      <UnitOfMeasure>100 גרם</UnitOfMeasure>
      <QtyInPackage>0</QtyInPackage>
      <ItemPrice>12.10</ItemPrice>
      <UnitOfMeasurePrice>2.42</UnitOfMeasurePrice>
      <AllowDiscount>1</AllowDiscount>
      <ItemStatus>1</ItemStatus>
    </Item>
    <Item>
      <PriceUpdateDate>2023-04-11 04:40</PriceUpdateDate>
      <ItemCode>7290000112220</ItemCode>
      <ItemType>1</ItemType>
      <ItemName>טחינה גולמית 100% 500 גר</ItemName>
      <ManufacturerName>רושדי תעשיות מזון בע"\מ</ManufacturerName>
      <ManufactureCountry>IL</ManufactureCountry>
      <ManufacturerItemDescription>טחינה גולמית</ManufacturerItemDescription>
      <UnitQty>גרמים</UnitQty>
      <Quantity>500.00</Quantity>
      <bIsWeighted>0</bIsWeighted>
      <UnitOfMeasure>100 גרם</UnitOfMeasure>
      <QtyInPackage>0</QtyInPackage>
      <ItemPrice>13.90</ItemPrice>
      <UnitOfMeasurePrice>2.78</UnitOfMeasurePrice>
      <AllowDiscount>1</AllowDiscount>
      <ItemStatus>1</ItemStatus>
    </Item>
    <Item>
      <PriceUpdateDate>2023-04-14 09:13</PriceUpdateDate>
      <ItemCode>7290000112619</ItemCode>
      <ItemType>1</ItemType>
      <ItemName>מרק עוף קנור 400 גרם</ItemName>
      <ManufacturerName>יוניליוור ישראל מזון בע\</ManufacturerName>
      <ManufactureCountry>IL</ManufactureCountry>
      <ManufacturerItemDescription>מרק עוף אמיתי</ManufacturerItemDescription>
      <UnitQty>גרמים</UnitQty>
      <Quantity>400.00</Quantity>
      <bIsWeighted>0</bIsWeighted>
      <UnitOfMeasure>100 גרם</UnitOfMeasure>
      <QtyInPackage>0</QtyInPackage>
      <ItemPrice>18.90</ItemPrice>
      <UnitOfMeasurePrice>4.72</UnitOfMeasurePrice>
      <AllowDiscount>1</AllowDiscount>
      <ItemStatus>1</ItemStatus>
    </Item>
    <Item>
      <PriceUpdateDate>2023-04-14 09:13</PriceUpdateDate>
      <ItemCode>7290000118277</ItemCode>
      <ItemType>1</ItemType>
      <ItemName>קניידלך כופתאות מצה65*2ג</ItemName>
      <ManufacturerName>יוניליוור ישראל מזון בע\</ManufacturerName>
      <ManufactureCountry>IL</ManufactureCountry>
      <ManufacturerItemDescription>אבקה לקניידלך</ManufacturerItemDescription>
      <UnitQty>גרמים</UnitQty>
      <Quantity>130.00</Quantity>
      <bIsWeighted>0</bIsWeighted>
      <UnitOfMeasure>100 גרם</UnitOfMeasure>
      <QtyInPackage>0</QtyInPackage>
      <ItemPrice>13.70</ItemPrice>
      <UnitOfMeasurePrice>10.54</UnitOfMeasurePrice>
      <AllowDiscount>1</AllowDiscount>
      <ItemStatus>1</ItemStatus>
    </Item>
    <Item>
      <PriceUpdateDate>2023-04-16 10:20</PriceUpdateDate>
      <ItemCode>7290000118352</ItemCode>
      <ItemType>1</ItemType>
      <ItemName>לטקס 85*2 גרם בקופסא</ItemName>
      <ManufacturerName>יוניליוור ישראל מזון בעמ</ManufacturerName>
      <ManufactureCountry>IL</ManufactureCountry>
      <ManufacturerItemDescription>אבקה ללטקס</ManufacturerItemDescription>
      <UnitQty>גרמים</UnitQty>
      <Quantity>170.00</Quantity>
      <bIsWeighted>0</bIsWeighted>
      <UnitOfMeasure>100 גרם</UnitOfMeasure>
      <QtyInPackage>0</QtyInPackage>
      <ItemPrice>9.90</ItemPrice>
      <UnitOfMeasurePrice>5.82</UnitOfMeasurePrice>
      <AllowDiscount>1</AllowDiscount>
      <ItemStatus>1</ItemStatus>
    </Item>
    <Item>
      <PriceUpdateDate>2023-04-14 09:13</PriceUpdateDate>
      <ItemCode>7290000120836</ItemCode>
      <ItemType>1</ItemType>
      <ItemName>מיונז אמיתי הלמנס 394 גר</ItemName>
      <ManufacturerName>יוניליוור</ManufacturerName>
      <ManufactureCountry>CA</ManufactureCountry>
      <ManufacturerItemDescription>מיונז אמיתי הלמנ</ManufacturerItemDescription>
      <UnitQty>גרמים</UnitQty>
      <Quantity>394.00</Quantity>
      <bIsWeighted>0</bIsWeighted>
      <UnitOfMeasure>100 גרם</UnitOfMeasure>
      <QtyInPackage>0</QtyInPackage>
      <ItemPrice>14.90</ItemPrice>
      <UnitOfMeasurePrice>3.78</UnitOfMeasurePrice>
      <AllowDiscount>1</AllowDiscount>
      <ItemStatus>1</ItemStatus>
    </Item>
    <Item>
      <PriceUpdateDate>2023-03-31 07:49</PriceUpdateDate>
      <ItemCode>7290000136295</ItemCode>
      <ItemType>1</ItemType>
      <ItemName>סירופ סיידר הגליל פטל330</ItemName>
      <ManufacturerName>טמפו משקאות בע"\מ</ManufacturerName>
      <ManufactureCountry>IL</ManufactureCountry>
      <ManufacturerItemDescription>סירופ סיידר גליל</ManufacturerItemDescription>
      <UnitQty>מיליליטרים</UnitQty>
      <Quantity>330.00</Quantity>
      <bIsWeighted>0</bIsWeighted>
      <UnitOfMeasure>100 מ"ל</UnitOfMeasure>
      <QtyInPackage>1</QtyInPackage>
      <ItemPrice>13.40</ItemPrice>
      <UnitOfMeasurePrice>4.06</UnitOfMeasurePrice>
      <AllowDiscount>1</AllowDiscount>
      <ItemStatus>1</ItemStatus>
    </Item>
    <Item>
      <PriceUpdateDate>2023-03-31 07:49</PriceUpdateDate>
      <ItemCode>7290000136455</ItemCode>
      <ItemType>1</ItemType>
      <ItemName>ג'אמפ אשכוליות 1.5 ליטר</ItemName>
      <ManufacturerName>טמפו משקאות בע"\ם.</ManufacturerName>
      <ManufactureCountry>IL</ManufactureCountry>
      <ManufacturerItemDescription>ג'אמפ אשכוליו</ManufacturerItemDescription>
      <UnitQty>ליטרים</UnitQty>
      <Quantity>1.50</Quantity>
      <bIsWeighted>0</bIsWeighted>
      <UnitOfMeasure>ליטר</UnitOfMeasure>
      <QtyInPackage>0</QtyInPackage>
      <ItemPrice>7.20</ItemPrice>
      <UnitOfMeasurePrice>4.80</UnitOfMeasurePrice>
      <AllowDiscount>1</AllowDiscount>
      <ItemStatus>1</ItemStatus>
    </Item>
    <Item>
      <PriceUpdateDate>2023-03-31 07:49</PriceUpdateDate>
      <ItemCode>7290000136523</ItemCode>
      <ItemType>1</ItemType>
      <ItemName>ג'אמפ ענבים 1.5 ליטר</ItemName>
      <ManufacturerName>טמפו משקאות בע"\ם.</ManufacturerName>
      <ManufactureCountry>IL</ManufactureCountry>
      <ManufacturerItemDescription>ג'אמפ ענבים</ManufacturerItemDescription>
      <UnitQty>ליטרים</UnitQty>
      <Quantity>1.50</Quantity>
      <bIsWeighted>0</bIsWeighted>
      <UnitOfMeasure>ליטר</UnitOfMeasure>
      <QtyInPackage>0</QtyInPackage>
      <ItemPrice>7.20</ItemPrice>
      <UnitOfMeasurePrice>4.80</UnitOfMeasurePrice>
      <AllowDiscount>1</AllowDiscount>
      <ItemStatus>1</ItemStatus>
    </Item>
    <Item>
      <PriceUpdateDate>2023-03-31 07:49</PriceUpdateDate>
      <ItemCode>7290000136561</ItemCode>
      <ItemType>1</ItemType>
      <ItemName>ג'אמפ תות בננה 1.5 ליטר</ItemName>
      <ManufacturerName>טמפו משקאות בע"\מ</ManufacturerName>
      <ManufactureCountry>IL</ManufactureCountry>
      <ManufacturerItemDescription>ג'אמפ תות בננ</ManufacturerItemDescription>
      <UnitQty>ליטרים</UnitQty>
      <Quantity>1.50</Quantity>
      <bIsWeighted>0</bIsWeighted>
      <UnitOfMeasure>ליטר</UnitOfMeasure>
      <QtyInPackage>0</QtyInPackage>
      <ItemPrice>7.20</ItemPrice>
      <UnitOfMeasurePrice>4.80</UnitOfMeasurePrice>
      <AllowDiscount>1</AllowDiscount>
      <ItemStatus>1</ItemStatus>
    </Item>
    <Item>
      <PriceUpdateDate>2023-04-05 09:19</PriceUpdateDate>
      <ItemCode>7290000136646</ItemCode>
      <ItemType>1</ItemType>
      <ItemName>בירה נשר מאלט 1.5 ליטר</ItemName>
      <ManufacturerName>טמפו משקאות בע"\מ</ManufacturerName>
      <ManufactureCountry>IL</ManufactureCountry>
      <ManufacturerItemDescription>נשר מאלט</ManufacturerItemDescription>
      <UnitQty>ליטרים</UnitQty>
      <Quantity>1.50</Quantity>
      <bIsWeighted>0</bIsWeighted>
      <UnitOfMeasure>ליטר</UnitOfMeasure>
      <QtyInPackage>0</QtyInPackage>
      <ItemPrice>8.10</ItemPrice>
      <UnitOfMeasurePrice>5.40</UnitOfMeasurePrice>
      <AllowDiscount>1</AllowDiscount>
      <ItemStatus>1</ItemStatus>
    </Item>
    <Item>
      <PriceUpdateDate>2023-02-21 09:14</PriceUpdateDate>
      <ItemCode>7290000159010</ItemCode>
      <ItemType>1</ItemType>
      <ItemName>שניצל עוף מיני דובונים 7</ItemName>
      <ManufacturerName>מוצרי עוף טוב (2001) בע"</ManufacturerName>
      <ManufactureCountry>IL</ManufactureCountry>
      <ManufacturerItemDescription>שניצל דובונים</ManufacturerItemDescription>
      <UnitQty>גרמים</UnitQty>
      <Quantity>700.00</Quantity>
      <bIsWeighted>0</bIsWeighted>
      <UnitOfMeasure>100 גרם</UnitOfMeasure>
      <QtyInPackage>0</QtyInPackage>
      <ItemPrice>44.90</ItemPrice>
      <UnitOfMeasurePrice>6.41</UnitOfMeasurePrice>
      <AllowDiscount>1</AllowDiscount>
      <ItemStatus>1</ItemStatus>
    </Item>
    <Item>
      <PriceUpdateDate>2023-04-14 09:13</PriceUpdateDate>
      <ItemCode>7290000168173</ItemCode>
      <ItemType>1</ItemType>
      <ItemName>ברנפלקס קרנצ'ים 375 גרם</ItemName>
      <ManufacturerName>יוניליוור</ManufacturerName>
      <ManufactureCountry>IL</ManufactureCountry>
      <ManufacturerItemDescription>ברנפלקס קרנצ'ים</ManufacturerItemDescription>
      <UnitQty>גרמים</UnitQty>
      <Quantity>375.00</Quantity>
      <bIsWeighted>0</bIsWeighted>
      <UnitOfMeasure>100 גרם</UnitOfMeasure>
      <QtyInPackage>0</QtyInPackage>
      <ItemPrice>27.50</ItemPrice>
      <UnitOfMeasurePrice>7.33</UnitOfMeasurePrice>
      <AllowDiscount>1</AllowDiscount>
      <ItemStatus>1</ItemStatus>
    </Item>
    <Item>
      <PriceUpdateDate>2022-12-21 09:42</PriceUpdateDate>
      <ItemCode>7290000170053</ItemCode>
      <ItemType>1</ItemType>
      <ItemName>שוקולד פרה חלב 100 גרם</ItemName>
      <ManufacturerName>תופינית בע"\מ</ManufacturerName>
      <ManufactureCountry>IL</ManufactureCountry>
      <ManufacturerItemDescription>שוקולד פרה חלב</ManufacturerItemDescription>
      <UnitQty>גרמים</UnitQty>
      <Quantity>100.00</Quantity>
      <bIsWeighted>0</bIsWeighted>
      <UnitOfMeasure>100 גרם</UnitOfMeasure>
      <QtyInPackage>0</QtyInPackage>
      <ItemPrice>6.40</ItemPrice>
      <UnitOfMeasurePrice>6.40</UnitOfMeasurePrice>
      <AllowDiscount>1</AllowDiscount>
      <ItemStatus>1</ItemStatus>
    </Item>
    <Item>
      <PriceUpdateDate>2022-12-21 09:42</PriceUpdateDate>
      <ItemCode>7290000170077</ItemCode>
      <ItemType>1</ItemType>
      <ItemName>שוק.מריר 100 גרם</ItemName>
      <ManufacturerName>שטראוס גרופ בע"\מ.</ManufacturerName>
      <ManufactureCountry>IL</ManufactureCountry>
      <ManufacturerItemDescription>שוקולד מריר</ManufacturerItemDescription>
      <UnitQty>גרמים</UnitQty>
      <Quantity>100.00</Quantity>
      <bIsWeighted>0</bIsWeighted>
      <UnitOfMeasure>100 גרם</UnitOfMeasure>
      <QtyInPackage>0</QtyInPackage>
      <ItemPrice>6.40</ItemPrice>
      <UnitOfMeasurePrice>6.40</UnitOfMeasurePrice>
      <AllowDiscount>1</AllowDiscount>
      <ItemStatus>1</ItemStatus>
    </Item>
    <Item>
      <PriceUpdateDate>2018-11-19 07:51</PriceUpdateDate>
      <ItemCode>7290000176079</ItemCode>
      <ItemType>1</ItemType>
      <ItemName>קפה טורקי עם הל 100 גרם</ItemName>
      <ManufacturerName>שטראוס קפה בי.ויn\.</ManufacturerName>
      <ManufactureCountry>IL</ManufactureCountry>
      <ManufacturerItemDescription>קפה טורקי עם הל</ManufacturerItemDescription>
      <UnitQty>גרמים</UnitQty>
      <Quantity>100.00</Quantity>
      <bIsWeighted>0</bIsWeighted>
      <UnitOfMeasure>100 גרם</UnitOfMeasure>
      <QtyInPackage>0</QtyInPackage>
      <ItemPrice>9.90</ItemPrice>
      <UnitOfMeasurePrice>9.90</UnitOfMeasurePrice>
      <AllowDiscount>1</AllowDiscount>
      <ItemStatus>1</ItemStatus>
    </Item>
    <Item>
      <PriceUpdateDate>2018-11-19 07:51</PriceUpdateDate>
      <ItemCode>7290000176413</ItemCode>
      <ItemType>1</ItemType>
      <ItemName>קפה נמס 50 גרם</ItemName>
      <ManufacturerName>שטראוס קפה בי.וי</ManufacturerName>
      <ManufactureCountry>IL</ManufactureCountry>
      <ManufacturerItemDescription>קפה נמס</ManufacturerItemDescription>
      <UnitQty>גרמים</UnitQty>
      <Quantity>50.00</Quantity>
      <bIsWeighted>0</bIsWeighted>
      <UnitOfMeasure>100 גרם</UnitOfMeasure>
      <QtyInPackage>0</QtyInPackage>
      <ItemPrice>10.90</ItemPrice>
      <UnitOfMeasurePrice>21.80</UnitOfMeasurePrice>
      <AllowDiscount>1</AllowDiscount>
      <ItemStatus>1</ItemStatus>
    </Item>
    <Item>
      <PriceUpdateDate>2022-12-21 09:42</PriceUpdateDate>
      <ItemCode>7290000180212</ItemCode>
      <ItemType>1</ItemType>
      <ItemName>שוקולד מריר אגוז 100 גרם</ItemName>
      <ManufacturerName>עלית</ManufacturerName>
      <ManufactureCountry>IL</ManufactureCountry>
      <ManufacturerItemDescription>שוקולד מריר</ManufacturerItemDescription>
      <UnitQty>גרמים</UnitQty>
      <Quantity>100.00</Quantity>
      <bIsWeighted>0</bIsWeighted>
      <UnitOfMeasure>100 גרם</UnitOfMeasure>
      <QtyInPackage>0</QtyInPackage>
      <ItemPrice>7.00</ItemPrice>
      <UnitOfMeasurePrice>7.00</UnitOfMeasurePrice>
      <AllowDiscount>1</AllowDiscount>
      <ItemStatus>1</ItemStatus>
    </Item>
    <Item>
      <PriceUpdateDate>2023-02-21 09:19</PriceUpdateDate>
      <ItemCode>7290000181103</ItemCode>
      <ItemType>1</ItemType>
      <ItemName>ביסקויט עד חצות חלב200גר</ItemName>
      <ManufacturerName>עלית</ManufacturerName>
      <ManufactureCountry>IL</ManufactureCountry>
      <ManufacturerItemDescription>ביסקוויט עד חצות</ManufacturerItemDescription>
      <UnitQty>גרמים</UnitQty>
      <Quantity>200.00</Quantity>
      <bIsWeighted>0</bIsWeighted>
      <UnitOfMeasure>100 גרם</UnitOfMeasure>
      <QtyInPackage>0</QtyInPackage>
      <ItemPrice>15.90</ItemPrice>
      <UnitOfMeasurePrice>7.95</UnitOfMeasurePrice>
      <AllowDiscount>1</AllowDiscount>
      <ItemStatus>1</ItemStatus>
    </Item>
    <Item>
      <PriceUpdateDate>2023-04-11 05:00</PriceUpdateDate>
      <ItemCode>7290000190853</ItemCode>
      <ItemType>1</ItemType>
      <ItemName>נייר טואלט לילי פיור30גל</ItemName>
      <ManufacturerName>חוגלה קימברלי</ManufacturerName>
      <ManufactureCountry>IL</ManufactureCountry>
      <ManufacturerItemDescription>נייר טואלט לילי</ManufacturerItemDescription>
      <UnitQty>מטרים</UnitQty>
      <Quantity>537.00</Quantity>
      <bIsWeighted>0</bIsWeighted>
      <UnitOfMeasure>100 מטר</UnitOfMeasure>
      <QtyInPackage>0</QtyInPackage>
      <ItemPrice>37.90</ItemPrice>
      <UnitOfMeasurePrice>7.06</UnitOfMeasurePrice>
      <AllowDiscount>1</AllowDiscount>
      <ItemStatus>1</ItemStatus>
    </Item>
    <Item>
      <PriceUpdateDate>2023-02-09 09:50</PriceUpdateDate>
      <ItemCode>7290000191546</ItemCode>
      <ItemType>1</ItemType>
      <ItemName>מגבוני לילי צבעוני 90*3י</ItemName>
      <ManufacturerName>חוגלה קימברלי</ManufacturerName>
      <ManufactureCountry>IL</ManufactureCountry>
      <ManufacturerItemDescription>לילי צבעוני90*3</ManufacturerItemDescription>
      <UnitQty>יחידה</UnitQty>
      <Quantity>1.00</Quantity>
      <bIsWeighted>0</bIsWeighted>
      <UnitOfMeasure>יחידה</UnitOfMeasure>
      <QtyInPackage>0</QtyInPackage>
      <ItemPrice>12.30</ItemPrice>
      <UnitOfMeasurePrice>12.30</UnitOfMeasurePrice>
      <AllowDiscount>1</AllowDiscount>
      <ItemStatus>1</ItemStatus>
    </Item>
    <Item>
      <PriceUpdateDate>2023-01-05 09:52</PriceUpdateDate>
      <ItemCode>7290000191652</ItemCode>
      <ItemType>1</ItemType>
      <ItemName>קלינקס מעוצב 90*3 יחידות</ItemName>
      <ManufacturerName>חוגלה קימברלי</ManufacturerName>
      <ManufactureCountry>IL</ManufactureCountry>
      <ManufacturerItemDescription>קלינקס מעוצב 3יח</ManufacturerItemDescription>
      <UnitQty>יחידה</UnitQty>
      <Quantity>1.00</Quantity>
      <bIsWeighted>0</bIsWeighted>
      <UnitOfMeasure>יחידה</UnitOfMeasure>
      <QtyInPackage>0</QtyInPackage>
      <ItemPrice>13.90</ItemPrice>
      <UnitOfMeasurePrice>13.90</UnitOfMeasurePrice>
      <AllowDiscount>1</AllowDiscount>
      <ItemStatus>1</ItemStatus>
    </Item>
    <Item>
      <PriceUpdateDate>2018-11-19 07:49</PriceUpdateDate>
      <ItemCode>7290000238029</ItemCode>
      <ItemType>1</ItemType>
      <ItemName>בצק עלים 1 ק"ג</ItemName>
      <ManufacturerName>מעדנות בע"\מ</ManufacturerName>
      <ManufactureCountry>IL</ManufactureCountry>
      <ManufacturerItemDescription>בצק עלים מרודד</ManufacturerItemDescription>
      <UnitQty>קילוגרמים</UnitQty>
      <Quantity>1.00</Quantity>
      <bIsWeighted>0</bIsWeighted>
      <UnitOfMeasure>ק"ג</UnitOfMeasure>
      <QtyInPackage>0</QtyInPackage>
      <ItemPrice>24.90</ItemPrice>
      <UnitOfMeasurePrice>24.90</UnitOfMeasurePrice>
      <AllowDiscount>1</AllowDiscount>
      <ItemStatus>1</ItemStatus>
    </Item>
    <Item>
      <PriceUpdateDate>2022-02-11 05:39</PriceUpdateDate>
      <ItemCode>7290000243566</ItemCode>
      <ItemType>1</ItemType>
      <ItemName>שמן קנולה מועשר 750 מ"ל</ItemName>
      <ManufacturerName>סקנולה</ManufacturerName>
      <ManufactureCountry>EE</ManufactureCountry>
      <ManufacturerItemDescription>שמן קנולה מועשר</ManufacturerItemDescription>
      <UnitQty>מיליליטרים</UnitQty>
      <Quantity>750.00</Quantity>
      <bIsWeighted>0</bIsWeighted>
      <UnitOfMeasure>100 מ"ל</UnitOfMeasure>
      <QtyInPackage>0</QtyInPackage>
      <ItemPrice>12.90</ItemPrice>
      <UnitOfMeasurePrice>1.72</UnitOfMeasurePrice>
      <AllowDiscount>1</AllowDiscount>
      <ItemStatus>1</ItemStatus>
    </Item>
    <Item>
      <PriceUpdateDate>2018-11-19 07:51</PriceUpdateDate>
      <ItemCode>7290000253251</ItemCode>
      <ItemType>1</ItemType>
      <ItemName>שוקולד צ'יפס לבן 250 גרם</ItemName>
      <ManufacturerName>---</ManufacturerName>
      <ManufactureCountry>IL</ManufactureCountry>
      <ManufacturerItemDescription>שוקו צ'יפס לבן</ManufacturerItemDescription>
      <UnitQty>גרמים</UnitQty>
      <Quantity>250.00</Quantity>
      <bIsWeighted>0</bIsWeighted>
      <UnitOfMeasure>100 גרם</UnitOfMeasure>
      <QtyInPackage>0</QtyInPackage>
      <ItemPrice>12.90</ItemPrice>
      <UnitOfMeasurePrice>5.16</UnitOfMeasurePrice>
      <AllowDiscount>1</AllowDiscount>
      <ItemStatus>1</ItemStatus>
    </Item>
    <Item>
      <PriceUpdateDate>2023-03-05 09:04</PriceUpdateDate>
      <ItemCode>7290000272726</ItemCode>
      <ItemType>1</ItemType>
      <ItemName>חומץ 5% 1 ליטר</ItemName>
      <ManufacturerName>בית-השיטה עסיס תעשיות מז</ManufacturerName>
      <ManufactureCountry>IL</ManufactureCountry>
      <ManufacturerItemDescription>חומץ 5%</ManufacturerItemDescription>
      <UnitQty>ליטרים</UnitQty>
      <Quantity>1.00</Quantity>
      <bIsWeighted>0</bIsWeighted>
      <UnitOfMeasure>ליטר</UnitOfMeasure>
      <QtyInPackage>0</QtyInPackage>
      <ItemPrice>7.50</ItemPrice>
      <UnitOfMeasurePrice>7.50</UnitOfMeasurePrice>
      <AllowDiscount>1</AllowDiscount>
      <ItemStatus>1</ItemStatus>
    </Item>
    <Item>
      <PriceUpdateDate>2022-01-06 07:33</PriceUpdateDate>
      <ItemCode>7290000293943</ItemCode>
      <ItemType>1</ItemType>
      <ItemName>סנו אנטי קאלק מרסס 1 ל'</ItemName>
      <ManufacturerName>סנו מפעלי ברונוס בעמ</ManufacturerName>
      <ManufactureCountry>IL</ManufactureCountry>
      <ManufacturerItemDescription>סנו אנטי קאלק</ManufacturerItemDescription>
      <UnitQty>ליטרים</UnitQty>
      <Quantity>1.00</Quantity>
      <bIsWeighted>0</bIsWeighted>
      <UnitOfMeasure>ליטר</UnitOfMeasure>
      <QtyInPackage>0</QtyInPackage>
      <ItemPrice>18.90</ItemPrice>
      <UnitOfMeasurePrice>18.90</UnitOfMeasurePrice>
      <AllowDiscount>1</AllowDiscount>
      <ItemStatus>1</ItemStatus>
    </Item>
    <Item>
      <PriceUpdateDate>2018-11-19 07:53</PriceUpdateDate>
      <ItemCode>7290000295404</ItemCode>
      <ItemType>1</ItemType>
      <ItemName>סושי60שקיות אשפה כחולות</ItemName>
      <ManufacturerName>סנו מפעלי ברונוס בעמ</ManufacturerName>
      <ManufactureCountry>IL</ManufactureCountry>
      <ManufacturerItemDescription>שקיות אשפה</ManufacturerItemDescription>
      <UnitQty>יחידה</UnitQty>
      <Quantity>1.00</Quantity>
      <bIsWeighted>0</bIsWeighted>
      <UnitOfMeasure>יחידה</UnitOfMeasure>
      <QtyInPackage>0</QtyInPackage>
      <ItemPrice>23.90</ItemPrice>
      <UnitOfMeasurePrice>23.90</UnitOfMeasurePrice>
      <AllowDiscount>1</AllowDiscount>
      <ItemStatus>1</ItemStatus>
    </Item>
    <Item>
      <PriceUpdateDate>2018-11-19 07:53</PriceUpdateDate>
      <ItemCode>7290000295503</ItemCode>
      <ItemType>1</ItemType>
      <ItemName>סושי זוג שקיות אוכל150*2</ItemName>
      <ManufacturerName>סנו</ManufacturerName>
      <ManufactureCountry>CN</ManufactureCountry>
      <ManufacturerItemDescription>שקיות אוכל צמד</ManufacturerItemDescription>
      <UnitQty>יחידה</UnitQty>
      <Quantity>1.00</Quantity>
      <bIsWeighted>0</bIsWeighted>
      <UnitOfMeasure>יחידה</UnitOfMeasure>
      <QtyInPackage>0</QtyInPackage>
      <ItemPrice>14.50</ItemPrice>
      <UnitOfMeasurePrice>14.50</UnitOfMeasurePrice>
      <AllowDiscount>1</AllowDiscount>
      <ItemStatus>1</ItemStatus>
    </Item>
    <Item>
      <PriceUpdateDate>2022-07-31 06:09</PriceUpdateDate>
      <ItemCode>7290000307046</ItemCode>
      <ItemType>1</ItemType>
      <ItemName>אפונת גינה וגזר 550 גרם</ItemName>
      <ManufacturerName>פרי הגליל בעמ</ManufacturerName>
      <ManufactureCountry>IL</ManufactureCountry>
      <ManufacturerItemDescription>אפונת גינה וגזר</ManufacturerItemDescription>
      <UnitQty>גרמים</UnitQty>
      <Quantity>550.00</Quantity>
      <bIsWeighted>0</bIsWeighted>
      <UnitOfMeasure>100 גרם</UnitOfMeasure>
      <QtyInPackage>0</QtyInPackage>
      <ItemPrice>8.90</ItemPrice>
      <UnitOfMeasurePrice>1.62</UnitOfMeasurePrice>
      <AllowDiscount>1</AllowDiscount>
      <ItemStatus>1</ItemStatus>
    </Item>
    <Item>
      <PriceUpdateDate>2023-01-19 18:58</PriceUpdateDate>
      <ItemCode>7290000318677</ItemCode>
      <ItemType>1</ItemType>
      <ItemName>סלמי סרוולט 150 גרם</ItemName>
      <ManufacturerName>יחיעם</ManufacturerName>
      <ManufactureCountry>IL</ManufactureCountry>
      <ManufacturerItemDescription>סלמי סרוולט</ManufacturerItemDescription>
      <UnitQty>גרמים</UnitQty>
      <Quantity>150.00</Quantity>
      <bIsWeighted>0</bIsWeighted>
      <UnitOfMeasure>100 גרם</UnitOfMeasure>
      <QtyInPackage>0</QtyInPackage>
      <ItemPrice>29.90</ItemPrice>
      <UnitOfMeasurePrice>19.93</UnitOfMeasurePrice>
      <AllowDiscount>1</AllowDiscount>
      <ItemStatus>1</ItemStatus>
    </Item>
    <Item>
      <PriceUpdateDate>2023-01-19 18:58</PriceUpdateDate>
      <ItemCode>7290000318943</ItemCode>
      <ItemType>1</ItemType>
      <ItemName>פסטרמה של פעם 200 גרם</ItemName>
      <ManufacturerName>מעדני יחיעם</ManufacturerName>
      <ManufactureCountry>IL</ManufactureCountry>
      <ManufacturerItemDescription>פסטרמה של פעם</ManufacturerItemDescription>
      <UnitQty>גרמים</UnitQty>
      <Quantity>200.00</Quantity>
      <bIsWeighted>0</bIsWeighted>
      <UnitOfMeasure>100 גרם</UnitOfMeasure>
      <QtyInPackage>0</QtyInPackage>
      <ItemPrice>25.90</ItemPrice>
      <UnitOfMeasurePrice>12.95</UnitOfMeasurePrice>
      <AllowDiscount>1</AllowDiscount>
      <ItemStatus>1</ItemStatus>
    </Item>
    <Item>
      <PriceUpdateDate>2023-01-19 18:58</PriceUpdateDate>
      <ItemCode>7290000334325</ItemCode>
      <ItemType>1</ItemType>
      <ItemName>מארז ציפס למיקרו שלישיות</ItemName>
      <ManufacturerName>תעשיות תפוגן בע"\מ</ManufacturerName>
      <ManufactureCountry>IL</ManufactureCountry>
      <ManufacturerItemDescription>ציפס למיקרו</ManufacturerItemDescription>
      <UnitQty>גרמים</UnitQty>
      <Quantity>375.00</Quantity>
      <bIsWeighted>0</bIsWeighted>
      <UnitOfMeasure>100 גרם</UnitOfMeasure>
      <QtyInPackage>0</QtyInPackage>
      <ItemPrice>16.90</ItemPrice>
      <UnitOfMeasurePrice>4.51</UnitOfMeasurePrice>
      <AllowDiscount>1</AllowDiscount>
      <ItemStatus>1</ItemStatus>
    </Item>
    <Item>
      <PriceUpdateDate>2018-11-19 07:51</PriceUpdateDate>
      <ItemCode>7290000346120</ItemCode>
      <ItemType>1</ItemType>
      <ItemName>חליטת קסם הקינמון25ש2.5*</ItemName>
      <ManufacturerName>ויסוצקי</ManufacturerName>
      <ManufactureCountry>IL</ManufactureCountry>
      <ManufacturerItemDescription>חליטת קינמון</ManufacturerItemDescription>
      <UnitQty>גרמים</UnitQty>
      <Quantity>62.00</Quantity>
      <bIsWeighted>0</bIsWeighted>
      <UnitOfMeasure>100 גרם</UnitOfMeasure>
      <QtyInPackage>0</QtyInPackage>
      <ItemPrice>19.90</ItemPrice>
      <UnitOfMeasurePrice>32.10</UnitOfMeasurePrice>
      <AllowDiscount>1</AllowDiscount>
      <ItemStatus>1</ItemStatus>
    </Item>
    <Item>
      <PriceUpdateDate>2018-11-19 07:51</PriceUpdateDate>
      <ItemCode>7290000346205</ItemCode>
      <ItemType>1</ItemType>
      <ItemName>חל.קמומיל-גן קסום25ש1.5*</ItemName>
      <ManufacturerName>ויסוצקי</ManufacturerName>
      <ManufactureCountry>IL</ManufactureCountry>
      <ManufacturerItemDescription>חליטת קמומיל</ManufacturerItemDescription>
      <UnitQty>גרמים</UnitQty>
      <Quantity>37.00</Quantity>
      <bIsWeighted>0</bIsWeighted>
      <UnitOfMeasure>100 גרם</UnitOfMeasure>
      <QtyInPackage>0</QtyInPackage>
      <ItemPrice>19.90</ItemPrice>
      <UnitOfMeasurePrice>53.78</UnitOfMeasurePrice>
      <AllowDiscount>1</AllowDiscount>
      <ItemStatus>1</ItemStatus>
    </Item>
    <Item>
      <PriceUpdateDate>2018-11-19 07:51</PriceUpdateDate>
      <ItemCode>7290000347752</ItemCode>
      <ItemType>1</ItemType>
      <ItemName>תה ירוק+לימונ.ולואיזה25ש</ItemName>
      <ManufacturerName>ויסוצקי</ManufacturerName>
      <ManufactureCountry>IL</ManufactureCountry>
      <ManufacturerItemDescription>תה ירוק לימונית</ManufacturerItemDescription>
      <UnitQty>גרמים</UnitQty>
      <Quantity>37.00</Quantity>
      <bIsWeighted>0</bIsWeighted>
      <UnitOfMeasure>100 גרם</UnitOfMeasure>
      <QtyInPackage>0</QtyInPackage>
      <ItemPrice>26.90</ItemPrice>
      <UnitOfMeasurePrice>72.70</UnitOfMeasurePrice>
      <AllowDiscount>1</AllowDiscount>
      <ItemStatus>1</ItemStatus>
    </Item>
    <Item>
      <PriceUpdateDate>2021-10-12 17:48</PriceUpdateDate>
      <ItemCode>7290000416021</ItemCode>
      <ItemType>1</ItemType>
      <ItemName>ממרח בטעם שוקולד 500גר</ItemName>
      <ManufacturerName>השחר העולה</ManufacturerName>
      <ManufactureCountry>IL</ManufactureCountry>
      <ManufacturerItemDescription>ממרח השחר</ManufacturerItemDescription>
      <UnitQty>גרמים</UnitQty>
      <Quantity>500.00</Quantity>
      <bIsWeighted>0</bIsWeighted>
      <UnitOfMeasure>100 גרם</UnitOfMeasure>
      <QtyInPackage>0</QtyInPackage>
      <ItemPrice>14.90</ItemPrice>
      <UnitOfMeasurePrice>2.98</UnitOfMeasurePrice>
      <AllowDiscount>1</AllowDiscount>
      <ItemStatus>1</ItemStatus>
    </Item>
    <Item>
      <PriceUpdateDate>2021-10-12 17:48</PriceUpdateDate>
      <ItemCode>7290000416045</ItemCode>
      <ItemType>1</ItemType>
      <ItemName>ממרח בטעם שוקולד השחר1קג</ItemName>
      <ManufacturerName>השחר העולה</ManufacturerName>
      <ManufactureCountry>IL</ManufactureCountry>
      <ManufacturerItemDescription>ממרח השחר</ManufacturerItemDescription>
      <UnitQty>קילוגרמים</UnitQty>
      <Quantity>1.00</Quantity>
      <bIsWeighted>0</bIsWeighted>
      <UnitOfMeasure>ק"ג</UnitOfMeasure>
      <QtyInPackage>0</QtyInPackage>
      <ItemPrice>26.90</ItemPrice>
      <UnitOfMeasurePrice>26.90</UnitOfMeasurePrice>
      <AllowDiscount>1</AllowDiscount>
      <ItemStatus>1</ItemStatus>
    </Item>
    <Item>
      <PriceUpdateDate>2018-11-19 07:49</PriceUpdateDate>
      <ItemCode>7290000430102</ItemCode>
      <ItemType>1</ItemType>
      <ItemName>שקית קרח מיסטר אייס 2ק"ג</ItemName>
      <ManufacturerName>שונות</ManufacturerName>
      <ManufactureCountry>IL</ManufactureCountry>
      <ManufacturerItemDescription>שקית קרח</ManufacturerItemDescription>
      <UnitQty>יחידה</UnitQty>
      <Quantity>1.00</Quantity>
      <bIsWeighted>0</bIsWeighted>
      <UnitOfMeasure>יחידה</UnitOfMeasure>
      <QtyInPackage>0</QtyInPackage>
      <ItemPrice>10.80</ItemPrice>
      <UnitOfMeasurePrice>10.80</UnitOfMeasurePrice>
      <AllowDiscount>1</AllowDiscount>
      <ItemStatus>1</ItemStatus>
    </Item>
    <Item>
      <PriceUpdateDate>2022-07-15 08:40</PriceUpdateDate>
      <ItemCode>7290000453866</ItemCode>
      <ItemType>1</ItemType>
      <ItemName>נטורינה קוקוס 200 גרם</ItemName>
      <ManufacturerName>גרונבאנג- גרונדנסק אי פי</ManufacturerName>
      <ManufactureCountry>DK</ManufactureCountry>
      <ManufacturerItemDescription>נטורינה קוקוס</ManufacturerItemDescription>
      <UnitQty>גרמים</UnitQty>
      <Quantity>200.00</Quantity>
      <bIsWeighted>0</bIsWeighted>
      <UnitOfMeasure>100 גרם</UnitOfMeasure>
      <QtyInPackage>1</QtyInPackage>
      <ItemPrice>8.50</ItemPrice>
      <UnitOfMeasurePrice>4.25</UnitOfMeasurePrice>
      <AllowDiscount>1</AllowDiscount>
      <ItemStatus>1</ItemStatus>
    </Item>
    <Item>
      <PriceUpdateDate>2018-11-19 07:51</PriceUpdateDate>
      <ItemCode>7290000480442</ItemCode>
      <ItemType>1</ItemType>
      <ItemName>קוואקר באריזת אלומינ500ג</ItemName>
      <ManufacturerName>עלית</ManufacturerName>
      <ManufactureCountry>IL</ManufactureCountry>
      <ManufacturerItemDescription>קוואקר</ManufacturerItemDescription>
      <UnitQty>גרמים</UnitQty>
      <Quantity>500.00</Quantity>
      <bIsWeighted>0</bIsWeighted>
      <UnitOfMeasure>100 גרם</UnitOfMeasure>
      <QtyInPackage>0</QtyInPackage>
      <ItemPrice>14.80</ItemPrice>
      <UnitOfMeasurePrice>2.96</UnitOfMeasurePrice>
      <AllowDiscount>1</AllowDiscount>
      <ItemStatus>1</ItemStatus>
    </Item>
    <Item>
      <PriceUpdateDate>2023-03-08 11:58</PriceUpdateDate>
      <ItemCode>7290000504278</ItemCode>
      <ItemType>1</ItemType>
      <ItemName>סוכרזית פטנט 700 טבליות</ItemName>
      <ManufacturerName>ביסקול בע''מ</ManufacturerName>
      <ManufactureCountry>IL</ManufactureCountry>
      <ManufacturerItemDescription>סוכרזית טבליות</ManufacturerItemDescription>
      <UnitQty>גרמים</UnitQty>
      <Quantity>57.00</Quantity>
      <bIsWeighted>0</bIsWeighted>
      <UnitOfMeasure>100 גרם</UnitOfMeasure>
      <QtyInPackage>0</QtyInPackage>
      <ItemPrice>19.00</ItemPrice>
      <UnitOfMeasurePrice>33.33</UnitOfMeasurePrice>
      <AllowDiscount>1</AllowDiscount>
      <ItemStatus>1</ItemStatus>
    </Item>
    <Item>
      <PriceUpdateDate>2018-11-19 07:51</PriceUpdateDate>
      <ItemCode>7290000523224</ItemCode>
      <ItemType>1</ItemType>
      <ItemName>מלח ים דק 500 גרם</ItemName>
      <ManufacturerName>חברת מלח הארץ אילת בע"\מ</ManufacturerName>
      <ManufactureCountry>IL</ManufactureCountry>
      <ManufacturerItemDescription>מלח ים דק</ManufacturerItemDescription>
      <UnitQty>גרמים</UnitQty>
      <Quantity>500.00</Quantity>
      <bIsWeighted>0</bIsWeighted>
      <UnitOfMeasure>100 גרם</UnitOfMeasure>
      <QtyInPackage>0</QtyInPackage>
      <ItemPrice>8.40</ItemPrice>
      <UnitOfMeasurePrice>1.68</UnitOfMeasurePrice>
      <AllowDiscount>1</AllowDiscount>
      <ItemStatus>1</ItemStatus>
    </Item>
    <Item>
      <PriceUpdateDate>2023-01-19 18:58</PriceUpdateDate>
      <ItemCode>7290000530703</ItemCode>
      <ItemType>1</ItemType>
      <ItemName>פסטרמה חרמון+תה 400+400ג</ItemName>
      <ManufacturerName>זוגלובק</ManufacturerName>
      <ManufactureCountry>IL</ManufactureCountry>
      <ManufacturerItemDescription>מארז חרמון+תה</ManufacturerItemDescription>
      <UnitQty>גרמים</UnitQty>
      <Quantity>800.00</Quantity>
      <bIsWeighted>0</bIsWeighted>
      <UnitOfMeasure>100 גרם</UnitOfMeasure>
      <QtyInPackage>0</QtyInPackage>
      <ItemPrice>36.90</ItemPrice>
      <UnitOfMeasurePrice>4.61</UnitOfMeasurePrice>
      <AllowDiscount>1</AllowDiscount>
      <ItemStatus>1</ItemStatus>
    </Item>
    <Item>
      <PriceUpdateDate>2018-11-19 07:51</PriceUpdateDate>
      <ItemCode>7290000591759</ItemCode>
      <ItemType>1</ItemType>
      <ItemName>קמח מצה לעוגה 500 גרם</ItemName>
      <ManufacturerName>אם החיטה</ManufacturerName>
      <ManufactureCountry>IL</ManufactureCountry>
      <ManufacturerItemDescription>קמח מצה לעוגה</ManufacturerItemDescription>
      <UnitQty>גרמים</UnitQty>
      <Quantity>500.00</Quantity>
      <bIsWeighted>0</bIsWeighted>
      <UnitOfMeasure>100 גרם</UnitOfMeasure>
      <QtyInPackage>0</QtyInPackage>
      <ItemPrice>10.90</ItemPrice>
      <UnitOfMeasurePrice>2.18</UnitOfMeasurePrice>
      <AllowDiscount>1</AllowDiscount>
      <ItemStatus>1</ItemStatus>
    </Item>
    <Item>
      <PriceUpdateDate>2022-01-18 08:09</PriceUpdateDate>
      <ItemCode>7290000692227</ItemCode>
      <ItemType>1</ItemType>
      <ItemName>פלמוליב לשטיפת כלים 1 ל'</ItemName>
      <ManufacturerName>קולגייט פלמוליב</ManufacturerName>
      <ManufactureCountry>GR</ManufactureCountry>
      <ManufacturerItemDescription>פלמוליב לכלים</ManufacturerItemDescription>
      <UnitQty>ליטרים</UnitQty>
      <Quantity>1.00</Quantity>
      <bIsWeighted>0</bIsWeighted>
      <UnitOfMeasure>ליטר</UnitOfMeasure>
      <QtyInPackage>0</QtyInPackage>
      <ItemPrice>14.90</ItemPrice>
      <UnitOfMeasurePrice>14.90</UnitOfMeasurePrice>
      <AllowDiscount>1</AllowDiscount>
      <ItemStatus>1</ItemStatus>
    </Item>
    <Item>
      <PriceUpdateDate>2023-03-31 07:49</PriceUpdateDate>
      <ItemCode>7290000907949</ItemCode>
      <ItemType>0</ItemType>
      <ItemName>משקה מצונן 500מל</ItemName>
      <ManufacturerName />
      <ManufactureCountry />
      <ManufacturerItemDescription>משקה מצונן 500מל</ManufacturerItemDescription>
      <UnitQty>מיליליטרים</UnitQty>
      <Quantity>500.00</Quantity>
      <bIsWeighted>0</bIsWeighted>
      <UnitOfMeasure>100 מ"ל</UnitOfMeasure>
      <QtyInPackage>0</QtyInPackage>
      <ItemPrice>8.10</ItemPrice>
      <UnitOfMeasurePrice>1.62</UnitOfMeasurePrice>
      <AllowDiscount>1</AllowDiscount>
      <ItemStatus>1</ItemStatus>
    </Item>
    <Item>
      <PriceUpdateDate>2023-03-06 12:32</PriceUpdateDate>
      <ItemCode>7290000961552</ItemCode>
      <ItemType>0</ItemType>
      <ItemName>פלפל כתום</ItemName>
      <ManufacturerName>קטיף.</ManufacturerName>
      <ManufactureCountry>IL</ManufactureCountry>
      <ManufacturerItemDescription>פלפל כתום</ManufacturerItemDescription>
      <UnitQty>קילוגרמים</UnitQty>
      <Quantity>0.00</Quantity>
      <bIsWeighted>1</bIsWeighted>
      <UnitOfMeasure>ק"ג</UnitOfMeasure>
      <QtyInPackage>0</QtyInPackage>
      <ItemPrice>11.90</ItemPrice>
      <UnitOfMeasurePrice>11.90</UnitOfMeasurePrice>
      <AllowDiscount>1</AllowDiscount>
      <ItemStatus>1</ItemStatus>
    </Item>
    <Item>
      <PriceUpdateDate>2023-02-15 16:19</PriceUpdateDate>
      <ItemCode>7290000961606</ItemCode>
      <ItemType>0</ItemType>
      <ItemName>שורש גינגר</ItemName>
      <ManufacturerName>קטיף.</ManufacturerName>
      <ManufactureCountry>XX</ManufactureCountry>
      <ManufacturerItemDescription>שורש גינגר</ManufacturerItemDescription>
      <UnitQty>קילוגרמים</UnitQty>
      <Quantity>0.00</Quantity>
      <bIsWeighted>1</bIsWeighted>
      <UnitOfMeasure>ק"ג</UnitOfMeasure>
      <QtyInPackage>0</QtyInPackage>
      <ItemPrice>33.90</ItemPrice>
      <UnitOfMeasurePrice>33.90</UnitOfMeasurePrice>
      <AllowDiscount>1</AllowDiscount>
      <ItemStatus>1</ItemStatus>
    </Item>
    <Item>
      <PriceUpdateDate>2023-02-15 16:15</PriceUpdateDate>
      <ItemCode>7290000962474</ItemCode>
      <ItemType>0</ItemType>
      <ItemName>חציל בלדי</ItemName>
      <ManufacturerName>קטיף.</ManufacturerName>
      <ManufactureCountry>IL</ManufactureCountry>
      <ManufacturerItemDescription>חציל בלדי</ManufacturerItemDescription>
      <UnitQty>קילוגרמים</UnitQty>
      <Quantity>0.00</Quantity>
      <bIsWeighted>1</bIsWeighted>
      <UnitOfMeasure>ק"ג</UnitOfMeasure>
      <QtyInPackage>0</QtyInPackage>
      <ItemPrice>9.90</ItemPrice>
      <UnitOfMeasurePrice>9.90</UnitOfMeasurePrice>
      <AllowDiscount>1</AllowDiscount>
      <ItemStatus>1</ItemStatus>
    </Item>
    <Item>
      <PriceUpdateDate>2022-02-01 08:47</PriceUpdateDate>
      <ItemCode>7290000963136</ItemCode>
      <ItemType>0</ItemType>
      <ItemName>תפוח עץ מוזהב 65</ItemName>
      <ManufacturerName>קטיף.</ManufacturerName>
      <ManufactureCountry>XX</ManufactureCountry>
      <ManufacturerItemDescription>תפוח עץ מוזהב</ManufacturerItemDescription>
      <UnitQty>קילוגרמים</UnitQty>
      <Quantity>0.00</Quantity>
      <bIsWeighted>1</bIsWeighted>
      <UnitOfMeasure>ק"ג</UnitOfMeasure>
      <QtyInPackage>0</QtyInPackage>
      <ItemPrice>11.90</ItemPrice>
      <UnitOfMeasurePrice>11.90</UnitOfMeasurePrice>
      <AllowDiscount>1</AllowDiscount>
      <ItemStatus>1</ItemStatus>
    </Item>
    <Item>
      <PriceUpdateDate>2023-02-24 10:14</PriceUpdateDate>
      <ItemCode>7290000963174</ItemCode>
      <ItemType>0</ItemType>
      <ItemName>תפוח עץ יונתן יבוא</ItemName>
      <ManufacturerName>קטיף.</ManufacturerName>
      <ManufactureCountry>XX</ManufactureCountry>
      <ManufacturerItemDescription>תפוח עץ יונתן</ManufacturerItemDescription>
      <UnitQty>קילוגרמים</UnitQty>
      <Quantity>0.00</Quantity>
      <bIsWeighted>1</bIsWeighted>
      <UnitOfMeasure>ק"ג</UnitOfMeasure>
      <QtyInPackage>0</QtyInPackage>
      <ItemPrice>15.90</ItemPrice>
      <UnitOfMeasurePrice>15.90</UnitOfMeasurePrice>
      <AllowDiscount>1</AllowDiscount>
      <ItemStatus>1</ItemStatus>
    </Item>
    <Item>
      <PriceUpdateDate>2023-01-13 08:57</PriceUpdateDate>
      <ItemCode>7290000963297</ItemCode>
      <ItemType>0</ItemType>
      <ItemName>תפוח עץ סטרקינג 65</ItemName>
      <ManufacturerName>קטיף.</ManufacturerName>
      <ManufactureCountry>XX</ManufactureCountry>
      <ManufacturerItemDescription>תפוח סטרקינג</ManufacturerItemDescription>
      <UnitQty>קילוגרמים</UnitQty>
      <Quantity>0.00</Quantity>
      <bIsWeighted>1</bIsWeighted>
      <UnitOfMeasure>ק"ג</UnitOfMeasure>
      <QtyInPackage>0</QtyInPackage>
      <ItemPrice>11.90</ItemPrice>
      <UnitOfMeasurePrice>11.90</UnitOfMeasurePrice>
      <AllowDiscount>1</AllowDiscount>
      <ItemStatus>1</ItemStatus>
    </Item>
    <Item>
      <PriceUpdateDate>2023-01-13 08:57</PriceUpdateDate>
      <ItemCode>7290000963518</ItemCode>
      <ItemType>0</ItemType>
      <ItemName>תפוח עץ סמיט 70</ItemName>
      <ManufacturerName>קטיף.</ManufacturerName>
      <ManufactureCountry>XX</ManufactureCountry>
      <ManufacturerItemDescription>תפוח עץ סמיט</ManufacturerItemDescription>
      <UnitQty>קילוגרמים</UnitQty>
      <Quantity>0.00</Quantity>
      <bIsWeighted>1</bIsWeighted>
      <UnitOfMeasure>ק"ג</UnitOfMeasure>
      <QtyInPackage>0</QtyInPackage>
      <ItemPrice>11.90</ItemPrice>
      <UnitOfMeasurePrice>11.90</UnitOfMeasurePrice>
      <AllowDiscount>1</AllowDiscount>
      <ItemStatus>1</ItemStatus>
    </Item>
    <Item>
      <PriceUpdateDate>2023-01-19 18:58</PriceUpdateDate>
      <ItemCode>7290000963839</ItemCode>
      <ItemType>0</ItemType>
      <ItemName>אבוקדו מובחר</ItemName>
      <ManufacturerName>קטיף.</ManufacturerName>
      <ManufactureCountry>IL</ManufactureCountry>
      <ManufacturerItemDescription>אבוקדו מובחר</ManufacturerItemDescription>
      <UnitQty>קילוגרמים</UnitQty>
      <Quantity>0.00</Quantity>
      <bIsWeighted>1</bIsWeighted>
      <UnitOfMeasure>ק"ג</UnitOfMeasure>
      <QtyInPackage>1</QtyInPackage>
      <ItemPrice>13.90</ItemPrice>
      <UnitOfMeasurePrice>13.90</UnitOfMeasurePrice>
      <AllowDiscount>1</AllowDiscount>
      <ItemStatus>1</ItemStatus>
    </Item>
    <Item>
      <PriceUpdateDate>2023-01-02 08:18</PriceUpdateDate>
      <ItemCode>7290000964492</ItemCode>
      <ItemType>0</ItemType>
      <ItemName>לימון תפזורת</ItemName>
      <ManufacturerName>קטיף.</ManufacturerName>
      <ManufactureCountry>IL</ManufactureCountry>
      <ManufacturerItemDescription>לימון</ManufacturerItemDescription>
      <UnitQty>קילוגרמים</UnitQty>
      <Quantity>0.00</Quantity>
      <bIsWeighted>1</bIsWeighted>
      <UnitOfMeasure>ק"ג</UnitOfMeasure>
      <QtyInPackage>0</QtyInPackage>
      <ItemPrice>6.90</ItemPrice>
      <UnitOfMeasurePrice>6.90</UnitOfMeasurePrice>
      <AllowDiscount>1</AllowDiscount>
      <ItemStatus>1</ItemStatus>
    </Item>
    <Item>
      <PriceUpdateDate>2023-01-02 08:18</PriceUpdateDate>
      <ItemCode>7290000964508</ItemCode>
      <ItemType>0</ItemType>
      <ItemName>תפוז גדול</ItemName>
      <ManufacturerName>קטיף.</ManufacturerName>
      <ManufactureCountry>IL</ManufactureCountry>
      <ManufacturerItemDescription>תפוזים מובחרים</ManufacturerItemDescription>
      <UnitQty>קילוגרמים</UnitQty>
      <Quantity>0.00</Quantity>
      <bIsWeighted>1</bIsWeighted>
      <UnitOfMeasure>ק"ג</UnitOfMeasure>
      <QtyInPackage>0</QtyInPackage>
      <ItemPrice>5.90</ItemPrice>
      <UnitOfMeasurePrice>5.90</UnitOfMeasurePrice>
      <AllowDiscount>1</AllowDiscount>
      <ItemStatus>1</ItemStatus>
    </Item>
    <Item>
      <PriceUpdateDate>2022-10-28 11:15</PriceUpdateDate>
      <ItemCode>7290000964560</ItemCode>
      <ItemType>0</ItemType>
      <ItemName>קלמנטינה</ItemName>
      <ManufacturerName>קטיף.</ManufacturerName>
      <ManufactureCountry>IL</ManufactureCountry>
      <ManufacturerItemDescription>קלמנטינה</ManufacturerItemDescription>
      <UnitQty>קילוגרמים</UnitQty>
      <Quantity>0.00</Quantity>
      <bIsWeighted>1</bIsWeighted>
      <UnitOfMeasure>ק"ג</UnitOfMeasure>
      <QtyInPackage>0</QtyInPackage>
      <ItemPrice>6.90</ItemPrice>
      <UnitOfMeasurePrice>6.90</UnitOfMeasurePrice>
      <AllowDiscount>1</AllowDiscount>
      <ItemStatus>1</ItemStatus>
    </Item>
    <Item>
      <PriceUpdateDate>2023-01-19 18:58</PriceUpdateDate>
      <ItemCode>7290000964829</ItemCode>
      <ItemType>0</ItemType>
      <ItemName>אגס ספדונה 55</ItemName>
      <ManufacturerName>קטיף.</ManufacturerName>
      <ManufactureCountry>IL</ManufactureCountry>
      <ManufacturerItemDescription>אגס ספדונה</ManufacturerItemDescription>
      <UnitQty>קילוגרמים</UnitQty>
      <Quantity>0.00</Quantity>
      <bIsWeighted>1</bIsWeighted>
      <UnitOfMeasure>ק"ג</UnitOfMeasure>
      <QtyInPackage>0</QtyInPackage>
      <ItemPrice>14.90</ItemPrice>
      <UnitOfMeasurePrice>14.90</UnitOfMeasurePrice>
      <AllowDiscount>1</AllowDiscount>
      <ItemStatus>1</ItemStatus>
    </Item>
    <Item>
      <PriceUpdateDate>2023-01-19 18:58</PriceUpdateDate>
      <ItemCode>7290000964980</ItemCode>
      <ItemType>0</ItemType>
      <ItemName>אבוקדו</ItemName>
      <ManufacturerName>קטיף.</ManufacturerName>
      <ManufactureCountry>IL</ManufactureCountry>
      <ManufacturerItemDescription>אבוקדו</ManufacturerItemDescription>
      <UnitQty>קילוגרמים</UnitQty>
      <Quantity>0.00</Quantity>
      <bIsWeighted>1</bIsWeighted>
      <UnitOfMeasure>ק"ג</UnitOfMeasure>
      <QtyInPackage>0</QtyInPackage>
      <ItemPrice>13.90</ItemPrice>
      <UnitOfMeasurePrice>13.90</UnitOfMeasurePrice>
      <AllowDiscount>1</AllowDiscount>
      <ItemStatus>1</ItemStatus>
    </Item>
    <Item>
      <PriceUpdateDate>2023-04-05 09:19</PriceUpdateDate>
      <ItemCode>7290000965024</ItemCode>
      <ItemType>0</ItemType>
      <ItemName>אבטיח בקרטון</ItemName>
      <ManufacturerName>קטיף.</ManufacturerName>
      <ManufactureCountry>IL</ManufactureCountry>
      <ManufacturerItemDescription>אבטיח</ManufacturerItemDescription>
      <UnitQty>קילוגרמים</UnitQty>
      <Quantity>0.00</Quantity>
      <bIsWeighted>1</bIsWeighted>
      <UnitOfMeasure>ק"ג</UnitOfMeasure>
      <QtyInPackage>0</QtyInPackage>
      <ItemPrice>9.90</ItemPrice>
      <UnitOfMeasurePrice>9.90</UnitOfMeasurePrice>
      <AllowDiscount>1</AllowDiscount>
      <ItemStatus>1</ItemStatus>
    </Item>
    <Item>
      <PriceUpdateDate>2023-04-05 09:19</PriceUpdateDate>
      <ItemCode>7290000965055</ItemCode>
      <ItemType>0</ItemType>
      <ItemName>מלון מובחר</ItemName>
      <ManufacturerName>קטיף.</ManufacturerName>
      <ManufactureCountry>IL</ManufactureCountry>
      <ManufacturerItemDescription>מלון מובחר</ManufacturerItemDescription>
      <UnitQty>קילוגרמים</UnitQty>
      <Quantity>0.00</Quantity>
      <bIsWeighted>1</bIsWeighted>
      <UnitOfMeasure>ק"ג</UnitOfMeasure>
      <QtyInPackage>0</QtyInPackage>
      <ItemPrice>9.90</ItemPrice>
      <UnitOfMeasurePrice>9.90</UnitOfMeasurePrice>
      <AllowDiscount>1</AllowDiscount>
      <ItemStatus>1</ItemStatus>
    </Item>
    <Item>
      <PriceUpdateDate>2022-12-08 06:36</PriceUpdateDate>
      <ItemCode>7290000966656</ItemCode>
      <ItemType>0</ItemType>
      <ItemName>קיווי מובחר שקיל</ItemName>
      <ManufacturerName>קטיף.</ManufacturerName>
      <ManufactureCountry>IL</ManufactureCountry>
      <ManufacturerItemDescription>קיווי</ManufacturerItemDescription>
      <UnitQty>קילוגרמים</UnitQty>
      <Quantity>0.00</Quantity>
      <bIsWeighted>1</bIsWeighted>
      <UnitOfMeasure>ק"ג</UnitOfMeasure>
      <QtyInPackage>0</QtyInPackage>
      <ItemPrice>14.90</ItemPrice>
      <UnitOfMeasurePrice>14.90</UnitOfMeasurePrice>
      <AllowDiscount>1</AllowDiscount>
      <ItemStatus>1</ItemStatus>
    </Item>
    <Item>
      <PriceUpdateDate>2023-01-19 18:58</PriceUpdateDate>
      <ItemCode>7290000967684</ItemCode>
      <ItemType>0</ItemType>
      <ItemName>בננה מובחרת</ItemName>
      <ManufacturerName>קטיף.</ManufacturerName>
      <ManufactureCountry>IL</ManufactureCountry>
      <ManufacturerItemDescription>בננה מובחרת</ManufacturerItemDescription>
      <UnitQty>קילוגרמים</UnitQty>
      <Quantity>0.00</Quantity>
      <bIsWeighted>1</bIsWeighted>
      <UnitOfMeasure>ק"ג</UnitOfMeasure>
      <QtyInPackage>0</QtyInPackage>
      <ItemPrice>7.90</ItemPrice>
      <UnitOfMeasurePrice>7.90</UnitOfMeasurePrice>
      <AllowDiscount>1</AllowDiscount>
      <ItemStatus>1</ItemStatus>
    </Item>
    <Item>
      <PriceUpdateDate>2018-11-19 07:48</PriceUpdateDate>
      <ItemCode>7290000982939</ItemCode>
      <ItemType>0</ItemType>
      <ItemName>כרישה )לוף( יחידה</ItemName>
      <ManufacturerName>קטיף.</ManufacturerName>
      <ManufactureCountry>IL</ManufactureCountry>
      <ManufacturerItemDescription>כרישה )לוף(</ManufacturerItemDescription>
      <UnitQty>יחידה</UnitQty>
      <Quantity>1.00</Quantity>
      <bIsWeighted>0</bIsWeighted>
      <UnitOfMeasure>יחידה</UnitOfMeasure>
      <QtyInPackage>0</QtyInPackage>
      <ItemPrice>9.90</ItemPrice>
      <UnitOfMeasurePrice>9.90</UnitOfMeasurePrice>
      <AllowDiscount>1</AllowDiscount>
      <ItemStatus>1</ItemStatus>
    </Item>
    <Item>
      <PriceUpdateDate>2023-03-31 07:49</PriceUpdateDate>
      <ItemCode>7290001045169</ItemCode>
      <ItemType>1</ItemType>
      <ItemName>מיץ תפוחים צלול בק1.ליטר</ItemName>
      <ManufacturerName>גניר</ManufacturerName>
      <ManufactureCountry>IL</ManufactureCountry>
      <ManufacturerItemDescription>מיץ תפוחים צלול</ManufacturerItemDescription>
      <UnitQty>ליטרים</UnitQty>
      <Quantity>1.00</Quantity>
      <bIsWeighted>0</bIsWeighted>
      <UnitOfMeasure>ליטר</UnitOfMeasure>
      <QtyInPackage>0</QtyInPackage>
      <ItemPrice>17.40</ItemPrice>
      <UnitOfMeasurePrice>17.40</UnitOfMeasurePrice>
      <AllowDiscount>1</AllowDiscount>
      <ItemStatus>1</ItemStatus>
    </Item>
    <Item>
      <PriceUpdateDate>2023-01-05 09:55</PriceUpdateDate>
      <ItemCode>7290001230331</ItemCode>
      <ItemType>1</ItemType>
      <ItemName>כאמל צהוב קצר חפיסה</ItemName>
      <ManufacturerName>jti</ManufacturerName>
      <ManufactureCountry>CH</ManufactureCountry>
      <ManufacturerItemDescription>כאמל צהוב קצר</ManufacturerItemDescription>
      <UnitQty>יחידה</UnitQty>
      <Quantity>1.00</Quantity>
      <bIsWeighted>0</bIsWeighted>
      <UnitOfMeasure>יחידה</UnitOfMeasure>
      <QtyInPackage>0</QtyInPackage>
      <ItemPrice>33.80</ItemPrice>
      <UnitOfMeasurePrice>33.80</UnitOfMeasurePrice>
      <AllowDiscount>0</AllowDiscount>
      <ItemStatus>1</ItemStatus>
    </Item>
    <Item>
      <PriceUpdateDate>2023-01-05 09:55</PriceUpdateDate>
      <ItemCode>7290001231233</ItemCode>
      <ItemType>1</ItemType>
      <ItemName>וינסטון אדום חפיסה</ItemName>
      <ManufacturerName>jti</ManufacturerName>
      <ManufactureCountry>CH</ManufactureCountry>
      <ManufacturerItemDescription>ווינסטון אדום</ManufacturerItemDescription>
      <UnitQty>יחידה</UnitQty>
      <Quantity>1.00</Quantity>
      <bIsWeighted>0</bIsWeighted>
      <UnitOfMeasure>יחידה</UnitOfMeasure>
      <QtyInPackage>0</QtyInPackage>
      <ItemPrice>33.70</ItemPrice>
      <UnitOfMeasurePrice>33.70</UnitOfMeasurePrice>
      <AllowDiscount>0</AllowDiscount>
      <ItemStatus>1</ItemStatus>
    </Item>
    <Item>
      <PriceUpdateDate>2023-01-05 09:55</PriceUpdateDate>
      <ItemCode>7290001231932</ItemCode>
      <ItemType>1</ItemType>
      <ItemName>וינסטון כחול קצר חפיסה</ItemName>
      <ManufacturerName>jti</ManufacturerName>
      <ManufactureCountry>CH</ManufactureCountry>
      <ManufacturerItemDescription>וינסטון כחול קצר</ManufacturerItemDescription>
      <UnitQty>יחידה</UnitQty>
      <Quantity>1.00</Quantity>
      <bIsWeighted>0</bIsWeighted>
      <UnitOfMeasure>יחידה</UnitOfMeasure>
      <QtyInPackage>0</QtyInPackage>
      <ItemPrice>33.70</ItemPrice>
      <UnitOfMeasurePrice>33.70</UnitOfMeasurePrice>
      <AllowDiscount>0</AllowDiscount>
      <ItemStatus>1</ItemStatus>
    </Item>
    <Item>
      <PriceUpdateDate>2023-03-31 07:49</PriceUpdateDate>
      <ItemCode>7290001247068</ItemCode>
      <ItemType>1</ItemType>
      <ItemName>נקטר ספרינג תות-בננה 1ל'</ItemName>
      <ManufacturerName>יפאורה תבורי בע"\מ</ManufacturerName>
      <ManufactureCountry>IL</ManufactureCountry>
      <ManufacturerItemDescription>נקטר תות בננה</ManufacturerItemDescription>
      <UnitQty>ליטרים</UnitQty>
      <Quantity>1.00</Quantity>
      <bIsWeighted>0</bIsWeighted>
      <UnitOfMeasure>ליטר</UnitOfMeasure>
      <QtyInPackage>0</QtyInPackage>
      <ItemPrice>6.30</ItemPrice>
      <UnitOfMeasurePrice>6.30</UnitOfMeasurePrice>
      <AllowDiscount>1</AllowDiscount>
      <ItemStatus>1</ItemStatus>
    </Item>
    <Item>
      <PriceUpdateDate>2022-07-04 05:51</PriceUpdateDate>
      <ItemCode>7290001265642</ItemCode>
      <ItemType>1</ItemType>
      <ItemName>מעדני לה קט 400*3 גרם</ItemName>
      <ManufacturerName>SAS FIDELE</ManufacturerName>
      <ManufactureCountry>FR</ManufactureCountry>
      <ManufacturerItemDescription>מעדני לה קט 3 יח</ManufacturerItemDescription>
      <UnitQty>קילוגרמים</UnitQty>
      <Quantity>1.20</Quantity>
      <bIsWeighted>0</bIsWeighted>
      <UnitOfMeasure>ק"ג</UnitOfMeasure>
      <QtyInPackage>0</QtyInPackage>
      <ItemPrice>22.90</ItemPrice>
      <UnitOfMeasurePrice>19.08</UnitOfMeasurePrice>
      <AllowDiscount>1</AllowDiscount>
      <ItemStatus>1</ItemStatus>
    </Item>
    <Item>
      <PriceUpdateDate>2023-03-05 08:54</PriceUpdateDate>
      <ItemCode>7290001780800</ItemCode>
      <ItemType>1</ItemType>
      <ItemName>קראנץ ליבת נוגט</ItemName>
      <ManufacturerName>גלידות נסטלה</ManufacturerName>
      <ManufactureCountry>IL</ManufactureCountry>
      <ManufacturerItemDescription>קראנץ נוגט</ManufacturerItemDescription>
      <UnitQty>יחידה</UnitQty>
      <Quantity>1.00</Quantity>
      <bIsWeighted>0</bIsWeighted>
      <UnitOfMeasure>יחידה</UnitOfMeasure>
      <QtyInPackage>0</QtyInPackage>
      <ItemPrice>12.00</ItemPrice>
      <UnitOfMeasurePrice>12.00</UnitOfMeasurePrice>
      <AllowDiscount>1</AllowDiscount>
      <ItemStatus>1</ItemStatus>
    </Item>
    <Item>
      <PriceUpdateDate>2018-11-19 07:49</PriceUpdateDate>
      <ItemCode>7290001875308</ItemCode>
      <ItemType>1</ItemType>
      <ItemName>חזה עוף טרי פרימיום קג</ItemName>
      <ManufacturerName>עוף עוז</ManufacturerName>
      <ManufactureCountry>IL</ManufactureCountry>
      <ManufacturerItemDescription>חזה פרימיום ע.טר</ManufacturerItemDescription>
      <UnitQty>קילוגרמים</UnitQty>
      <Quantity>0.00</Quantity>
      <bIsWeighted>1</bIsWeighted>
      <UnitOfMeasure>ק"ג</UnitOfMeasure>
      <QtyInPackage>1</QtyInPackage>
      <ItemPrice>39.90</ItemPrice>
      <UnitOfMeasurePrice>39.90</UnitOfMeasurePrice>
      <AllowDiscount>1</AllowDiscount>
      <ItemStatus>1</ItemStatus>
    </Item>
    <Item>
      <PriceUpdateDate>2018-11-19 07:49</PriceUpdateDate>
      <ItemCode>7290001875315</ItemCode>
      <ItemType>1</ItemType>
      <ItemName>שניצל דק טרי פרימיום קג</ItemName>
      <ManufacturerName>עוף עוז</ManufacturerName>
      <ManufactureCountry>IL</ManufactureCountry>
      <ManufacturerItemDescription>שניצל דק פרימיום</ManufacturerItemDescription>
      <UnitQty>קילוגרמים</UnitQty>
      <Quantity>0.00</Quantity>
      <bIsWeighted>1</bIsWeighted>
      <UnitOfMeasure>ק"ג</UnitOfMeasure>
      <QtyInPackage>1</QtyInPackage>
      <ItemPrice>44.90</ItemPrice>
      <UnitOfMeasurePrice>44.90</UnitOfMeasurePrice>
      <AllowDiscount>1</AllowDiscount>
      <ItemStatus>1</ItemStatus>
    </Item>
    <Item>
      <PriceUpdateDate>2022-06-20 09:28</PriceUpdateDate>
      <ItemCode>7290001875322</ItemCode>
      <ItemType>1</ItemType>
      <ItemName>פילה עוף טרי פרימיום קג</ItemName>
      <ManufacturerName>עוף עוז</ManufacturerName>
      <ManufactureCountry>IL</ManufactureCountry>
      <ManufacturerItemDescription>פילה פרמיום טרי</ManufacturerItemDescription>
      <UnitQty>קילוגרמים</UnitQty>
      <Quantity>0.00</Quantity>
      <bIsWeighted>1</bIsWeighted>
      <UnitOfMeasure>ק"ג</UnitOfMeasure>
      <QtyInPackage>1</QtyInPackage>
      <ItemPrice>49.90</ItemPrice>
      <UnitOfMeasurePrice>49.90</UnitOfMeasurePrice>
      <AllowDiscount>1</AllowDiscount>
      <ItemStatus>1</ItemStatus>
    </Item>
    <Item>
      <PriceUpdateDate>2022-06-20 09:28</PriceUpdateDate>
      <ItemCode>7290001875377</ItemCode>
      <ItemType>1</ItemType>
      <ItemName>פרגיות עוף טרי פרימיום ק</ItemName>
      <ManufacturerName>עוף עוז</ManufacturerName>
      <ManufactureCountry>IL</ManufactureCountry>
      <ManufacturerItemDescription>פרגיות פרימיום</ManufacturerItemDescription>
      <UnitQty>קילוגרמים</UnitQty>
      <Quantity>0.00</Quantity>
      <bIsWeighted>1</bIsWeighted>
      <UnitOfMeasure>ק"ג</UnitOfMeasure>
      <QtyInPackage>1</QtyInPackage>
      <ItemPrice>69.90</ItemPrice>
      <UnitOfMeasurePrice>69.90</UnitOfMeasurePrice>
      <AllowDiscount>1</AllowDiscount>
      <ItemStatus>1</ItemStatus>
    </Item>
    <Item>
      <PriceUpdateDate>2021-01-08 07:37</PriceUpdateDate>
      <ItemCode>7290002008040</ItemCode>
      <ItemType>1</ItemType>
      <ItemName>מקלות לשיפודים30ס"מ100יח</ItemName>
      <ManufacturerName>הנמל אריזות ושיווק בע"\מ</ManufacturerName>
      <ManufactureCountry>IL</ManufactureCountry>
      <ManufacturerItemDescription>מקלות לשיפודים</ManufacturerItemDescription>
      <UnitQty>יחידה</UnitQty>
      <Quantity>1.00</Quantity>
      <bIsWeighted>0</bIsWeighted>
      <UnitOfMeasure>יחידה</UnitOfMeasure>
      <QtyInPackage>0</QtyInPackage>
      <ItemPrice>3.90</ItemPrice>
      <UnitOfMeasurePrice>3.90</UnitOfMeasurePrice>
      <AllowDiscount>1</AllowDiscount>
      <ItemStatus>1</ItemStatus>
    </Item>
    <Item>
      <PriceUpdateDate>2018-11-19 07:51</PriceUpdateDate>
      <ItemCode>7290002008934</ItemCode>
      <ItemType>1</ItemType>
      <ItemName>סוכריות לקישוט 200 גרם</ItemName>
      <ManufacturerName>הנמל</ManufacturerName>
      <ManufactureCountry>IL</ManufactureCountry>
      <ManufacturerItemDescription>סוכריות לקישוט</ManufacturerItemDescription>
      <UnitQty>גרמים</UnitQty>
      <Quantity>200.00</Quantity>
      <bIsWeighted>0</bIsWeighted>
      <UnitOfMeasure>100 גרם</UnitOfMeasure>
      <QtyInPackage>0</QtyInPackage>
      <ItemPrice>9.00</ItemPrice>
      <UnitOfMeasurePrice>4.50</UnitOfMeasurePrice>
      <AllowDiscount>1</AllowDiscount>
      <ItemStatus>1</ItemStatus>
    </Item>
    <Item>
      <PriceUpdateDate>2023-03-05 09:04</PriceUpdateDate>
      <ItemCode>7290002019787</ItemCode>
      <ItemType>1</ItemType>
      <ItemName>רוטב עגבניות מרוכז260גר</ItemName>
      <ManufacturerName>פריניר ) הדס (1987 בעמ</ManufacturerName>
      <ManufactureCountry>IL</ManufactureCountry>
      <ManufacturerItemDescription>רוטב עגבניות</ManufacturerItemDescription>
      <UnitQty>גרמים</UnitQty>
      <Quantity>260.00</Quantity>
      <bIsWeighted>0</bIsWeighted>
      <UnitOfMeasure>100 גרם</UnitOfMeasure>
      <QtyInPackage>0</QtyInPackage>
      <ItemPrice>4.30</ItemPrice>
      <UnitOfMeasurePrice>1.65</UnitOfMeasurePrice>
      <AllowDiscount>1</AllowDiscount>
      <ItemStatus>1</ItemStatus>
    </Item>
    <Item>
      <PriceUpdateDate>2023-01-19 18:58</PriceUpdateDate>
      <ItemCode>7290002026341</ItemCode>
      <ItemType>1</ItemType>
      <ItemName>ציפס בטטה 500 גרם</ItemName>
      <ManufacturerName>מוצרי איכות אמריקאיים</ManufacturerName>
      <ManufactureCountry>CA</ManufactureCountry>
      <ManufacturerItemDescription>ציפס בטטה</ManufacturerItemDescription>
      <UnitQty>גרמים</UnitQty>
      <Quantity>500.00</Quantity>
      <bIsWeighted>0</bIsWeighted>
      <UnitOfMeasure>100 גרם</UnitOfMeasure>
      <QtyInPackage>12</QtyInPackage>
      <ItemPrice>19.90</ItemPrice>
      <UnitOfMeasurePrice>3.98</UnitOfMeasurePrice>
      <AllowDiscount>1</AllowDiscount>
      <ItemStatus>1</ItemStatus>
    </Item>
    <Item>
      <PriceUpdateDate>2023-01-19 18:58</PriceUpdateDate>
      <ItemCode>7290002026358</ItemCode>
      <ItemType>1</ItemType>
      <ItemName>ציפס בטטה זיג זג 500 גרם</ItemName>
      <ManufacturerName>מוצרי איכות אמריקאיים</ManufacturerName>
      <ManufactureCountry>CA</ManufactureCountry>
      <ManufacturerItemDescription>ציפס בטטה זיג זג</ManufacturerItemDescription>
      <UnitQty>גרמים</UnitQty>
      <Quantity>500.00</Quantity>
      <bIsWeighted>0</bIsWeighted>
      <UnitOfMeasure>100 גרם</UnitOfMeasure>
      <QtyInPackage>1</QtyInPackage>
      <ItemPrice>19.90</ItemPrice>
      <UnitOfMeasurePrice>3.98</UnitOfMeasurePrice>
      <AllowDiscount>1</AllowDiscount>
      <ItemStatus>1</ItemStatus>
    </Item>
    <Item>
      <PriceUpdateDate>2022-07-04 05:53</PriceUpdateDate>
      <ItemCode>7290002040088</ItemCode>
      <ItemType>1</ItemType>
      <ItemName>קוסקוס מלא 350 גרם</ItemName>
      <ManufacturerName>קוסקוס מזון</ManufacturerName>
      <ManufactureCountry>IL</ManufactureCountry>
      <ManufacturerItemDescription>קוסקוס מלא</ManufacturerItemDescription>
      <UnitQty>גרמים</UnitQty>
      <Quantity>350.00</Quantity>
      <bIsWeighted>0</bIsWeighted>
      <UnitOfMeasure>100 גרם</UnitOfMeasure>
      <QtyInPackage>0</QtyInPackage>
      <ItemPrice>6.90</ItemPrice>
      <UnitOfMeasurePrice>1.97</UnitOfMeasurePrice>
      <AllowDiscount>1</AllowDiscount>
      <ItemStatus>1</ItemStatus>
    </Item>
    <Item>
      <PriceUpdateDate>2018-11-19 07:51</PriceUpdateDate>
      <ItemCode>7290002057048</ItemCode>
      <ItemType>1</ItemType>
      <ItemName>זית סורי מבוקע 540 גרם</ItemName>
      <ManufacturerName>קבוצת יבנה</ManufacturerName>
      <ManufactureCountry>IL</ManufactureCountry>
      <ManufacturerItemDescription>זית סורי מבוקע</ManufacturerItemDescription>
      <UnitQty>גרמים</UnitQty>
      <Quantity>540.00</Quantity>
      <bIsWeighted>0</bIsWeighted>
      <UnitOfMeasure>100 גרם</UnitOfMeasure>
      <QtyInPackage>0</QtyInPackage>
      <ItemPrice>12.00</ItemPrice>
      <UnitOfMeasurePrice>2.22</UnitOfMeasurePrice>
      <AllowDiscount>1</AllowDiscount>
      <ItemStatus>1</ItemStatus>
    </Item>
    <Item>
      <PriceUpdateDate>2018-11-19 07:51</PriceUpdateDate>
      <ItemCode>7290002057185</ItemCode>
      <ItemType>1</ItemType>
      <ItemName>טבעות זיתים ירוקים540גרם</ItemName>
      <ManufacturerName>קבוצת יבנה</ManufacturerName>
      <ManufactureCountry>IL</ManufactureCountry>
      <ManufacturerItemDescription>טבעות זיתים</ManufacturerItemDescription>
      <UnitQty>גרמים</UnitQty>
      <Quantity>540.00</Quantity>
      <bIsWeighted>0</bIsWeighted>
      <UnitOfMeasure>100 גרם</UnitOfMeasure>
      <QtyInPackage>0</QtyInPackage>
      <ItemPrice>10.90</ItemPrice>
      <UnitOfMeasurePrice>2.02</UnitOfMeasurePrice>
      <AllowDiscount>1</AllowDiscount>
      <ItemStatus>1</ItemStatus>
    </Item>
    <Item>
      <PriceUpdateDate>2021-07-15 08:08</PriceUpdateDate>
      <ItemCode>7290002057369</ItemCode>
      <ItemType>1</ItemType>
      <ItemName>מלפפון במלח 10-12 540גרם</ItemName>
      <ManufacturerName>קבוצת יבנה</ManufacturerName>
      <ManufactureCountry>IL</ManufactureCountry>
      <ManufacturerItemDescription>מלפפונים במלח</ManufacturerItemDescription>
      <UnitQty>גרמים</UnitQty>
      <Quantity>540.00</Quantity>
      <bIsWeighted>0</bIsWeighted>
      <UnitOfMeasure>100 גרם</UnitOfMeasure>
      <QtyInPackage>0</QtyInPackage>
      <ItemPrice>8.90</ItemPrice>
      <UnitOfMeasurePrice>1.65</UnitOfMeasurePrice>
      <AllowDiscount>1</AllowDiscount>
      <ItemStatus>1</ItemStatus>
    </Item>
    <Item>
      <PriceUpdateDate>2023-03-05 09:04</PriceUpdateDate>
      <ItemCode>7290002057451</ItemCode>
      <ItemType>1</ItemType>
      <ItemName>מלפפונים בחומץ 7-9 540גר</ItemName>
      <ManufacturerName>קבוצת יבנה מוצרי מזון</ManufacturerName>
      <ManufactureCountry>IL</ManufactureCountry>
      <ManufacturerItemDescription>מלפפונים בחומץ</ManufacturerItemDescription>
      <UnitQty>גרמים</UnitQty>
      <Quantity>540.00</Quantity>
      <bIsWeighted>0</bIsWeighted>
      <UnitOfMeasure>100 גרם</UnitOfMeasure>
      <QtyInPackage>0</QtyInPackage>
      <ItemPrice>7.70</ItemPrice>
      <UnitOfMeasurePrice>1.43</UnitOfMeasurePrice>
      <AllowDiscount>1</AllowDiscount>
      <ItemStatus>1</ItemStatus>
    </Item>
    <Item>
      <PriceUpdateDate>2022-06-08 10:57</PriceUpdateDate>
      <ItemCode>7290002079033</ItemCode>
      <ItemType>1</ItemType>
      <ItemName>לחם דגנים לייט 500 גרם</ItemName>
      <ManufacturerName>מאפיית דוידוביץ ובניו בע</ManufacturerName>
      <ManufactureCountry>IL</ManufactureCountry>
      <ManufacturerItemDescription>לחם דגנים לייט</ManufacturerItemDescription>
      <UnitQty>גרמים</UnitQty>
      <Quantity>500.00</Quantity>
      <bIsWeighted>0</bIsWeighted>
      <UnitOfMeasure>100 גרם</UnitOfMeasure>
      <QtyInPackage>0</QtyInPackage>
      <ItemPrice>17.50</ItemPrice>
      <UnitOfMeasurePrice>3.50</UnitOfMeasurePrice>
      <AllowDiscount>1</AllowDiscount>
      <ItemStatus>1</ItemStatus>
    </Item>
    <Item>
      <PriceUpdateDate>2022-06-08 10:57</PriceUpdateDate>
      <ItemCode>7290002079156</ItemCode>
      <ItemType>1</ItemType>
      <ItemName>פיתה קלאסית 5 יחידות</ItemName>
      <ManufacturerName>---</ManufacturerName>
      <ManufactureCountry>IL</ManufactureCountry>
      <ManufacturerItemDescription>פיתות 5 יחידות</ManufacturerItemDescription>
      <UnitQty>יחידה</UnitQty>
      <Quantity>1.00</Quantity>
      <bIsWeighted>0</bIsWeighted>
      <UnitOfMeasure>יחידה</UnitOfMeasure>
      <QtyInPackage>0</QtyInPackage>
      <ItemPrice>9.90</ItemPrice>
      <UnitOfMeasurePrice>9.90</UnitOfMeasurePrice>
      <AllowDiscount>1</AllowDiscount>
      <ItemStatus>1</ItemStatus>
    </Item>
    <Item>
      <PriceUpdateDate>2022-06-08 10:57</PriceUpdateDate>
      <ItemCode>7290002079316</ItemCode>
      <ItemType>1</ItemType>
      <ItemName>חלה רגילה פרוסה 500 גרם</ItemName>
      <ManufacturerName>מאפיית דוידוביץ</ManufacturerName>
      <ManufactureCountry>IL</ManufactureCountry>
      <ManufacturerItemDescription>חלה רגילה פרוסה</ManufacturerItemDescription>
      <UnitQty>גרמים</UnitQty>
      <Quantity>500.00</Quantity>
      <bIsWeighted>0</bIsWeighted>
      <UnitOfMeasure>100 גרם</UnitOfMeasure>
      <QtyInPackage>0</QtyInPackage>
      <ItemPrice>10.90</ItemPrice>
      <UnitOfMeasurePrice>2.18</UnitOfMeasurePrice>
      <AllowDiscount>1</AllowDiscount>
      <ItemStatus>1</ItemStatus>
    </Item>
    <Item>
      <PriceUpdateDate>2022-06-08 10:57</PriceUpdateDate>
      <ItemCode>7290002079927</ItemCode>
      <ItemType>1</ItemType>
      <ItemName>לחם דגנים מלא 750 גרם</ItemName>
      <ManufacturerName>מאפיית דוידוביץ</ManufacturerName>
      <ManufactureCountry>IL</ManufactureCountry>
      <ManufacturerItemDescription>לחם דגנים מלא</ManufacturerItemDescription>
      <UnitQty>גרמים</UnitQty>
      <Quantity>750.00</Quantity>
      <bIsWeighted>0</bIsWeighted>
      <UnitOfMeasure>100 גרם</UnitOfMeasure>
      <QtyInPackage>0</QtyInPackage>
      <ItemPrice>17.50</ItemPrice>
      <UnitOfMeasurePrice>2.33</UnitOfMeasurePrice>
      <AllowDiscount>1</AllowDiscount>
      <ItemStatus>1</ItemStatus>
    </Item>
    <Item>
      <PriceUpdateDate>2022-06-08 10:57</PriceUpdateDate>
      <ItemCode>7290002079996</ItemCode>
      <ItemType>1</ItemType>
      <ItemName>לחם אחיד פרוס קל 750 גרם</ItemName>
      <ManufacturerName>מאפיית דוידוביץ</ManufacturerName>
      <ManufactureCountry>IL</ManufactureCountry>
      <ManufacturerItemDescription>לחם אחיד פרוס קל</ManufacturerItemDescription>
      <UnitQty>גרמים</UnitQty>
      <Quantity>750.00</Quantity>
      <bIsWeighted>0</bIsWeighted>
      <UnitOfMeasure>100 גרם</UnitOfMeasure>
      <QtyInPackage>0</QtyInPackage>
      <ItemPrice>17.50</ItemPrice>
      <UnitOfMeasurePrice>2.33</UnitOfMeasurePrice>
      <AllowDiscount>1</AllowDiscount>
      <ItemStatus>1</ItemStatus>
    </Item>
    <Item>
      <PriceUpdateDate>2018-11-19 07:51</PriceUpdateDate>
      <ItemCode>7290002331490</ItemCode>
      <ItemType>1</ItemType>
      <ItemName>נביעות מים מינרלים 1 ל</ItemName>
      <ManufacturerName>נביעות טבע הגליל בעמ</ManufacturerName>
      <ManufactureCountry>IL</ManufactureCountry>
      <ManufacturerItemDescription>מים נביעות</ManufacturerItemDescription>
      <UnitQty>ליטרים</UnitQty>
      <Quantity>1.00</Quantity>
      <bIsWeighted>0</bIsWeighted>
      <UnitOfMeasure>ליטר</UnitOfMeasure>
      <QtyInPackage>0</QtyInPackage>
      <ItemPrice>3.90</ItemPrice>
      <UnitOfMeasurePrice>3.90</UnitOfMeasurePrice>
      <AllowDiscount>1</AllowDiscount>
      <ItemStatus>1</ItemStatus>
    </Item>
    <Item>
      <PriceUpdateDate>2018-11-19 07:49</PriceUpdateDate>
      <ItemCode>7290002345015</ItemCode>
      <ItemType>1</ItemType>
      <ItemName>סינטה דק דק אל גאוצו 250</ItemName>
      <ManufacturerName>טיבון ויל אחזקות בע"\מ</ManufacturerName>
      <ManufactureCountry>IL</ManufactureCountry>
      <ManufacturerItemDescription>סינטה דק דק</ManufacturerItemDescription>
      <UnitQty>גרמים</UnitQty>
      <Quantity>250.00</Quantity>
      <bIsWeighted>0</bIsWeighted>
      <UnitOfMeasure>100 גרם</UnitOfMeasure>
      <QtyInPackage>1</QtyInPackage>
      <ItemPrice>29.90</ItemPrice>
      <UnitOfMeasurePrice>11.96</UnitOfMeasurePrice>
      <AllowDiscount>1</AllowDiscount>
      <ItemStatus>1</ItemStatus>
    </Item>
    <Item>
      <PriceUpdateDate>2023-04-16 10:20</PriceUpdateDate>
      <ItemCode>7290002542780</ItemCode>
      <ItemType>1</ItemType>
      <ItemName>בירה סטלה ארטואה330*6מל</ItemName>
      <ManufacturerName>אינבב, ברוורייפליין</ManufacturerName>
      <ManufactureCountry>BE</ManufactureCountry>
      <ManufacturerItemDescription>סטלה ארטואה 6 יח</ManufacturerItemDescription>
      <UnitQty>ליטרים</UnitQty>
      <Quantity>1.98</Quantity>
      <bIsWeighted>0</bIsWeighted>
      <UnitOfMeasure>ליטר</UnitOfMeasure>
      <QtyInPackage>1</QtyInPackage>
      <ItemPrice>32.90</ItemPrice>
      <UnitOfMeasurePrice>16.62</UnitOfMeasurePrice>
      <AllowDiscount>1</AllowDiscount>
      <ItemStatus>1</ItemStatus>
    </Item>
    <Item>
      <PriceUpdateDate>2020-12-04 08:00</PriceUpdateDate>
      <ItemCode>7290002543046</ItemCode>
      <ItemType>1</ItemType>
      <ItemName>פרוסטיס 750 גרם</ItemName>
      <ManufacturerName>קלוג'ס</ManufacturerName>
      <ManufactureCountry>ES</ManufactureCountry>
      <ManufacturerItemDescription>פרוסטיס 750 גרם</ManufacturerItemDescription>
      <UnitQty>גרמים</UnitQty>
      <Quantity>750.00</Quantity>
      <bIsWeighted>0</bIsWeighted>
      <UnitOfMeasure>100 גרם</UnitOfMeasure>
      <QtyInPackage>0</QtyInPackage>
      <ItemPrice>21.90</ItemPrice>
      <UnitOfMeasurePrice>2.92</UnitOfMeasurePrice>
      <AllowDiscount>1</AllowDiscount>
      <ItemStatus>1</ItemStatus>
    </Item>
    <Item>
      <PriceUpdateDate>2020-08-04 09:09</PriceUpdateDate>
      <ItemCode>7290002543237</ItemCode>
      <ItemType>1</ItemType>
      <ItemName>קלוג'ס קורנפלקס 750 גרם</ItemName>
      <ManufacturerName>קלוגס קומפני אוף גרייט ב</ManufacturerName>
      <ManufactureCountry>GB</ManufactureCountry>
      <ManufacturerItemDescription>קורנפלקס קלוגס</ManufacturerItemDescription>
      <UnitQty>גרמים</UnitQty>
      <Quantity>750.00</Quantity>
      <bIsWeighted>0</bIsWeighted>
      <UnitOfMeasure>100 גרם</UnitOfMeasure>
      <QtyInPackage>0</QtyInPackage>
      <ItemPrice>16.90</ItemPrice>
      <UnitOfMeasurePrice>2.25</UnitOfMeasurePrice>
      <AllowDiscount>1</AllowDiscount>
      <ItemStatus>1</ItemStatus>
    </Item>
    <Item>
      <PriceUpdateDate>2019-12-31 06:24</PriceUpdateDate>
      <ItemCode>7290002730538</ItemCode>
      <ItemType>1</ItemType>
      <ItemName>80פדים להסרת איפור בלונס</ItemName>
      <ManufacturerName>ש. שסטוביץ בע"\מ</ManufacturerName>
      <ManufactureCountry>GR</ManufactureCountry>
      <ManufacturerItemDescription>פדים להסרת איפור</ManufacturerItemDescription>
      <UnitQty>יחידה</UnitQty>
      <Quantity>1.00</Quantity>
      <bIsWeighted>0</bIsWeighted>
      <UnitOfMeasure>יחידה</UnitOfMeasure>
      <QtyInPackage>0</QtyInPackage>
      <ItemPrice>8.20</ItemPrice>
      <UnitOfMeasurePrice>8.20</UnitOfMeasurePrice>
      <AllowDiscount>1</AllowDiscount>
      <ItemStatus>1</ItemStatus>
    </Item>
    <Item>
      <PriceUpdateDate>2018-12-10 10:53</PriceUpdateDate>
      <ItemCode>7290002766056</ItemCode>
      <ItemType>1</ItemType>
      <ItemName>עגבניה שרי תמר</ItemName>
      <ManufacturerName>קטיף.</ManufacturerName>
      <ManufactureCountry>IL</ManufactureCountry>
      <ManufacturerItemDescription>עגבניה שרי תמר</ManufacturerItemDescription>
      <UnitQty>גרמים</UnitQty>
      <Quantity>460.00</Quantity>
      <bIsWeighted>0</bIsWeighted>
      <UnitOfMeasure>100 גרם</UnitOfMeasure>
      <QtyInPackage>1</QtyInPackage>
      <ItemPrice>10.90</ItemPrice>
      <UnitOfMeasurePrice>2.37</UnitOfMeasurePrice>
      <AllowDiscount>1</AllowDiscount>
      <ItemStatus>1</ItemStatus>
    </Item>
    <Item>
      <PriceUpdateDate>2018-12-25 07:17</PriceUpdateDate>
      <ItemCode>7290002871248</ItemCode>
      <ItemType>1</ItemType>
      <ItemName>טובורג רד בק.חוזר 500מ"ל</ItemName>
      <ManufacturerName>מבשלות בירה בינלאומיות ב</ManufacturerName>
      <ManufactureCountry>IL</ManufactureCountry>
      <ManufacturerItemDescription>בירה טובורג רד</ManufacturerItemDescription>
      <UnitQty>מיליליטרים</UnitQty>
      <Quantity>500.00</Quantity>
      <bIsWeighted>0</bIsWeighted>
      <UnitOfMeasure>100 מ"ל</UnitOfMeasure>
      <QtyInPackage>0</QtyInPackage>
      <ItemPrice>9.50</ItemPrice>
      <UnitOfMeasurePrice>1.90</UnitOfMeasurePrice>
      <AllowDiscount>1</AllowDiscount>
      <ItemStatus>1</ItemStatus>
    </Item>
    <Item>
      <PriceUpdateDate>2018-12-25 07:17</PriceUpdateDate>
      <ItemCode>7290002871361</ItemCode>
      <ItemType>1</ItemType>
      <ItemName>בירה קרלסברג בק.חוזר500מ</ItemName>
      <ManufacturerName>מבשלות בירה בינלאומיות ב</ManufacturerName>
      <ManufactureCountry>IL</ManufactureCountry>
      <ManufacturerItemDescription>בירה קרלסברג</ManufacturerItemDescription>
      <UnitQty>מיליליטרים</UnitQty>
      <Quantity>500.00</Quantity>
      <bIsWeighted>0</bIsWeighted>
      <UnitOfMeasure>100 מ"ל</UnitOfMeasure>
      <QtyInPackage>0</QtyInPackage>
      <ItemPrice>9.60</ItemPrice>
      <UnitOfMeasurePrice>1.92</UnitOfMeasurePrice>
      <AllowDiscount>1</AllowDiscount>
      <ItemStatus>1</ItemStatus>
    </Item>
    <Item>
      <PriceUpdateDate>2018-11-19 07:49</PriceUpdateDate>
      <ItemCode>7290003029181</ItemCode>
      <ItemType>1</ItemType>
      <ItemName>שוקו יטבתה בבקבוק 1 ליטר</ItemName>
      <ManufacturerName>מחלבת יטבתה</ManufacturerName>
      <ManufactureCountry>IL</ManufactureCountry>
      <ManufacturerItemDescription>שוקו יטבתה</ManufacturerItemDescription>
      <UnitQty>ליטרים</UnitQty>
      <Quantity>1.00</Quantity>
      <bIsWeighted>0</bIsWeighted>
      <UnitOfMeasure>ליטר</UnitOfMeasure>
      <QtyInPackage>0</QtyInPackage>
      <ItemPrice>12.00</ItemPrice>
      <UnitOfMeasurePrice>12.00</UnitOfMeasurePrice>
      <AllowDiscount>1</AllowDiscount>
      <ItemStatus>1</ItemStatus>
    </Item>
    <Item>
      <PriceUpdateDate>2018-11-19 07:49</PriceUpdateDate>
      <ItemCode>7290003029389</ItemCode>
      <ItemType>1</ItemType>
      <ItemName>משקה בננה יטבתה+פקק 250מ</ItemName>
      <ManufacturerName>מחלבת יטבתה</ManufacturerName>
      <ManufactureCountry>IL</ManufactureCountry>
      <ManufacturerItemDescription>משקה בננה</ManufacturerItemDescription>
      <UnitQty>מיליליטרים</UnitQty>
      <Quantity>250.00</Quantity>
      <bIsWeighted>0</bIsWeighted>
      <UnitOfMeasure>100 מ"ל</UnitOfMeasure>
      <QtyInPackage>0</QtyInPackage>
      <ItemPrice>5.60</ItemPrice>
      <UnitOfMeasurePrice>2.24</UnitOfMeasurePrice>
      <AllowDiscount>1</AllowDiscount>
      <ItemStatus>1</ItemStatus>
    </Item>
    <Item>
      <PriceUpdateDate>2018-11-19 07:51</PriceUpdateDate>
      <ItemCode>7290003054657</ItemCode>
      <ItemType>1</ItemType>
      <ItemName>חרדל אקסטרא פורטה 370גרם</ItemName>
      <ManufacturerName>ריין דיג'ון</ManufacturerName>
      <ManufactureCountry>FR</ManufactureCountry>
      <ManufacturerItemDescription>חרדל דיז'ון</ManufacturerItemDescription>
      <UnitQty>גרמים</UnitQty>
      <Quantity>370.00</Quantity>
      <bIsWeighted>0</bIsWeighted>
      <UnitOfMeasure>100 גרם</UnitOfMeasure>
      <QtyInPackage>0</QtyInPackage>
      <ItemPrice>13.10</ItemPrice>
      <UnitOfMeasurePrice>3.54</UnitOfMeasurePrice>
      <AllowDiscount>1</AllowDiscount>
      <ItemStatus>1</ItemStatus>
    </Item>
    <Item>
      <PriceUpdateDate>2023-03-05 09:04</PriceUpdateDate>
      <ItemCode>7290003121106</ItemCode>
      <ItemType>1</ItemType>
      <ItemName>ארוחת נודלס</ItemName>
      <ManufacturerName />
      <ManufactureCountry>SG</ManufactureCountry>
      <ManufacturerItemDescription>ארוחת נודלס</ManufacturerItemDescription>
      <UnitQty>גרמים</UnitQty>
      <Quantity>85.00</Quantity>
      <bIsWeighted>0</bIsWeighted>
      <UnitOfMeasure>100 גרם</UnitOfMeasure>
      <QtyInPackage>0</QtyInPackage>
      <ItemPrice>4.50</ItemPrice>
      <UnitOfMeasurePrice>5.29</UnitOfMeasurePrice>
      <AllowDiscount>1</AllowDiscount>
      <ItemStatus>1</ItemStatus>
    </Item>
    <Item>
      <PriceUpdateDate>2023-04-09 11:10</PriceUpdateDate>
      <ItemCode>7290003158768</ItemCode>
      <ItemType>1</ItemType>
      <ItemName>לחמניות כשר לפסח 90*4גרם</ItemName>
      <ManufacturerName>גידרון</ManufacturerName>
      <ManufactureCountry>IL</ManufactureCountry>
      <ManufacturerItemDescription>4 לחמניות כשל"פ</ManufacturerItemDescription>
      <UnitQty>גרמים</UnitQty>
      <Quantity>360.00</Quantity>
      <bIsWeighted>0</bIsWeighted>
      <UnitOfMeasure>100 גרם</UnitOfMeasure>
      <QtyInPackage>0</QtyInPackage>
      <ItemPrice>14.90</ItemPrice>
      <UnitOfMeasurePrice>4.14</UnitOfMeasurePrice>
      <AllowDiscount>1</AllowDiscount>
      <ItemStatus>1</ItemStatus>
    </Item>
    <Item>
      <PriceUpdateDate>2022-12-21 09:42</PriceUpdateDate>
      <ItemCode>7290003321155</ItemCode>
      <ItemType>1</ItemType>
      <ItemName>דנונה בר פקאן 183 גרם</ItemName>
      <ManufacturerName>שטראוס בריאות בע"\מ</ManufacturerName>
      <ManufactureCountry>IL</ManufactureCountry>
      <ManufacturerItemDescription>דנונה בר פקאן</ManufacturerItemDescription>
      <UnitQty>גרמים</UnitQty>
      <Quantity>183.00</Quantity>
      <bIsWeighted>0</bIsWeighted>
      <UnitOfMeasure>100 גרם</UnitOfMeasure>
      <QtyInPackage>0</QtyInPackage>
      <ItemPrice>5.10</ItemPrice>
      <UnitOfMeasurePrice>2.79</UnitOfMeasurePrice>
      <AllowDiscount>1</AllowDiscount>
      <ItemStatus>1</ItemStatus>
    </Item>
    <Item>
      <PriceUpdateDate>2023-04-14 09:13</PriceUpdateDate>
      <ItemCode>7290003444009</ItemCode>
      <ItemType>1</ItemType>
      <ItemName>חט.שוקו.חלב+חמאת בוטנ42ג</ItemName>
      <ManufacturerName>הרשי</ManufacturerName>
      <ManufactureCountry>US</ManufactureCountry>
      <ManufacturerItemDescription>חטיף שוקולד חלב</ManufacturerItemDescription>
      <UnitQty>גרמים</UnitQty>
      <Quantity>42.00</Quantity>
      <bIsWeighted>0</bIsWeighted>
      <UnitOfMeasure>100 גרם</UnitOfMeasure>
      <QtyInPackage>0</QtyInPackage>
      <ItemPrice>4.30</ItemPrice>
      <UnitOfMeasurePrice>10.24</UnitOfMeasurePrice>
      <AllowDiscount>1</AllowDiscount>
      <ItemStatus>1</ItemStatus>
    </Item>
    <Item>
      <PriceUpdateDate>2018-11-19 07:51</PriceUpdateDate>
      <ItemCode>7290003643004</ItemCode>
      <ItemType>1</ItemType>
      <ItemName>אורז בסמטי קלאסי בשקית1ק</ItemName>
      <ManufacturerName>סוגת תעשיות בע"\מ</ManufacturerName>
      <ManufactureCountry>IL</ManufactureCountry>
      <ManufacturerItemDescription>אורז בסמטי קלאסי</ManufacturerItemDescription>
      <UnitQty>קילוגרמים</UnitQty>
      <Quantity>1.00</Quantity>
      <bIsWeighted>0</bIsWeighted>
      <UnitOfMeasure>ק"ג</UnitOfMeasure>
      <QtyInPackage>0</QtyInPackage>
      <ItemPrice>14.90</ItemPrice>
      <UnitOfMeasurePrice>14.90</UnitOfMeasurePrice>
      <AllowDiscount>1</AllowDiscount>
      <ItemStatus>1</ItemStatus>
    </Item>
    <Item>
      <PriceUpdateDate>2023-03-05 09:04</PriceUpdateDate>
      <ItemCode>7290003643738</ItemCode>
      <ItemType>1</ItemType>
      <ItemName>חיטה 500 גרם</ItemName>
      <ManufacturerName>סוגת תעשיות בע"\מ</ManufacturerName>
      <ManufactureCountry>IL</ManufactureCountry>
      <ManufacturerItemDescription>חיטה 500 גרם</ManufacturerItemDescription>
      <UnitQty>גרמים</UnitQty>
      <Quantity>500.00</Quantity>
      <bIsWeighted>0</bIsWeighted>
      <UnitOfMeasure>100 גרם</UnitOfMeasure>
      <QtyInPackage>0</QtyInPackage>
      <ItemPrice>6.90</ItemPrice>
      <UnitOfMeasurePrice>1.38</UnitOfMeasurePrice>
      <AllowDiscount>1</AllowDiscount>
      <ItemStatus>1</ItemStatus>
    </Item>
    <Item>
      <PriceUpdateDate>2023-04-14 09:13</PriceUpdateDate>
      <ItemCode>7290003805501</ItemCode>
      <ItemType>1</ItemType>
      <ItemName>פתית חסכוני שוודית 300גר</ItemName>
      <ManufacturerName>יוניליוור ישראל מזון בע\</ManufacturerName>
      <ManufactureCountry>IL</ManufactureCountry>
      <ManufacturerItemDescription>פתית קרקר שוודי</ManufacturerItemDescription>
      <UnitQty>גרמים</UnitQty>
      <Quantity>300.00</Quantity>
      <bIsWeighted>0</bIsWeighted>
      <UnitOfMeasure>100 גרם</UnitOfMeasure>
      <QtyInPackage>0</QtyInPackage>
      <ItemPrice>16.90</ItemPrice>
      <UnitOfMeasurePrice>5.64</UnitOfMeasurePrice>
      <AllowDiscount>1</AllowDiscount>
      <ItemStatus>1</ItemStatus>
    </Item>
    <Item>
      <PriceUpdateDate>2018-11-19 07:51</PriceUpdateDate>
      <ItemCode>7290003864478</ItemCode>
      <ItemType>1</ItemType>
      <ItemName>סרדין בשמן סויה</ItemName>
      <ManufacturerName />
      <ManufactureCountry>TH</ManufactureCountry>
      <ManufacturerItemDescription>סרדין בשמן סויה</ManufacturerItemDescription>
      <UnitQty>גרמים</UnitQty>
      <Quantity>110.00</Quantity>
      <bIsWeighted>0</bIsWeighted>
      <UnitOfMeasure>100 גרם</UnitOfMeasure>
      <QtyInPackage>0</QtyInPackage>
      <ItemPrice>6.30</ItemPrice>
      <UnitOfMeasurePrice>5.73</UnitOfMeasurePrice>
      <AllowDiscount>1</AllowDiscount>
      <ItemStatus>1</ItemStatus>
    </Item>
    <Item>
      <PriceUpdateDate>2018-11-19 07:51</PriceUpdateDate>
      <ItemCode>7290003864485</ItemCode>
      <ItemType>1</ItemType>
      <ItemName>סרדינים ברוטב</ItemName>
      <ManufacturerName />
      <ManufactureCountry>TH</ManufactureCountry>
      <ManufacturerItemDescription>סרדינים ברוטב</ManufacturerItemDescription>
      <UnitQty>גרמים</UnitQty>
      <Quantity>110.00</Quantity>
      <bIsWeighted>0</bIsWeighted>
      <UnitOfMeasure>100 גרם</UnitOfMeasure>
      <QtyInPackage>0</QtyInPackage>
      <ItemPrice>6.30</ItemPrice>
      <UnitOfMeasurePrice>5.73</UnitOfMeasurePrice>
      <AllowDiscount>1</AllowDiscount>
      <ItemStatus>1</ItemStatus>
    </Item>
    <Item>
      <PriceUpdateDate>2023-01-02 08:18</PriceUpdateDate>
      <ItemCode>7290004119225</ItemCode>
      <ItemType>1</ItemType>
      <ItemName>יופלה אננס 3% 150 גרם</ItemName>
      <ManufacturerName>תנובה בעמ</ManufacturerName>
      <ManufactureCountry>IL</ManufactureCountry>
      <ManufacturerItemDescription>יופלה אננס 3%</ManufacturerItemDescription>
      <UnitQty>גרמים</UnitQty>
      <Quantity>150.00</Quantity>
      <bIsWeighted>0</bIsWeighted>
      <UnitOfMeasure>100 גרם</UnitOfMeasure>
      <QtyInPackage>0</QtyInPackage>
      <ItemPrice>5.50</ItemPrice>
      <UnitOfMeasurePrice>3.67</UnitOfMeasurePrice>
      <AllowDiscount>1</AllowDiscount>
      <ItemStatus>1</ItemStatus>
    </Item>
    <Item>
      <PriceUpdateDate>2023-01-02 08:18</PriceUpdateDate>
      <ItemCode>7290004120108</ItemCode>
      <ItemType>1</ItemType>
      <ItemName>יופלה דובדבן 0% 150 גרם</ItemName>
      <ManufacturerName>תנובה בעמ</ManufacturerName>
      <ManufactureCountry>IL</ManufactureCountry>
      <ManufacturerItemDescription>יופלה דיאט 0%</ManufacturerItemDescription>
      <UnitQty>גרמים</UnitQty>
      <Quantity>150.00</Quantity>
      <bIsWeighted>0</bIsWeighted>
      <UnitOfMeasure>100 גרם</UnitOfMeasure>
      <QtyInPackage>0</QtyInPackage>
      <ItemPrice>5.50</ItemPrice>
      <UnitOfMeasurePrice>3.67</UnitOfMeasurePrice>
      <AllowDiscount>1</AllowDiscount>
      <ItemStatus>1</ItemStatus>
    </Item>
    <Item>
      <PriceUpdateDate>2023-01-11 08:35</PriceUpdateDate>
      <ItemCode>7290004121853</ItemCode>
      <ItemType>1</ItemType>
      <ItemName>פיראוס קוב.בולגרית5% 200</ItemName>
      <ManufacturerName>תנובה</ManufacturerName>
      <ManufactureCountry>IL</ManufactureCountry>
      <ManufacturerItemDescription>קוביות בולגרית5%</ManufacturerItemDescription>
      <UnitQty>גרמים</UnitQty>
      <Quantity>200.00</Quantity>
      <bIsWeighted>0</bIsWeighted>
      <UnitOfMeasure>100 גרם</UnitOfMeasure>
      <QtyInPackage>0</QtyInPackage>
      <ItemPrice>24.00</ItemPrice>
      <UnitOfMeasurePrice>12.00</UnitOfMeasurePrice>
      <AllowDiscount>1</AllowDiscount>
      <ItemStatus>1</ItemStatus>
    </Item>
    <Item>
      <PriceUpdateDate>2022-12-07 07:00</PriceUpdateDate>
      <ItemCode>7290004122195</ItemCode>
      <ItemType>1</ItemType>
      <ItemName>גוש חלב פרוס28% 200מהדרי</ItemName>
      <ManufacturerName>תנובה</ManufacturerName>
      <ManufactureCountry>IL</ManufactureCountry>
      <ManufacturerItemDescription>גבינה גוש חלב</ManufacturerItemDescription>
      <UnitQty>גרמים</UnitQty>
      <Quantity>200.00</Quantity>
      <bIsWeighted>0</bIsWeighted>
      <UnitOfMeasure>100 גרם</UnitOfMeasure>
      <QtyInPackage>0</QtyInPackage>
      <ItemPrice>15.60</ItemPrice>
      <UnitOfMeasurePrice>7.80</UnitOfMeasurePrice>
      <AllowDiscount>1</AllowDiscount>
      <ItemStatus>1</ItemStatus>
    </Item>
    <Item>
      <PriceUpdateDate>2023-01-11 08:35</PriceUpdateDate>
      <ItemCode>7290004122270</ItemCode>
      <ItemType>1</ItemType>
      <ItemName>עמק פרוס סגירה חוזרת 200</ItemName>
      <ManufacturerName>תנובה</ManufacturerName>
      <ManufactureCountry>IL</ManufactureCountry>
      <ManufacturerItemDescription>גבינת עמק פרוס</ManufacturerItemDescription>
      <UnitQty>גרמים</UnitQty>
      <Quantity>200.00</Quantity>
      <bIsWeighted>0</bIsWeighted>
      <UnitOfMeasure>100 גרם</UnitOfMeasure>
      <QtyInPackage>0</QtyInPackage>
      <ItemPrice>17.50</ItemPrice>
      <UnitOfMeasurePrice>8.75</UnitOfMeasurePrice>
      <AllowDiscount>1</AllowDiscount>
      <ItemStatus>1</ItemStatus>
    </Item>
    <Item>
      <PriceUpdateDate>2023-01-11 08:35</PriceUpdateDate>
      <ItemCode>7290004122348</ItemCode>
      <ItemType>1</ItemType>
      <ItemName>גבינת עמק 9% פרוס 200 גר</ItemName>
      <ManufacturerName>תנובה</ManufacturerName>
      <ManufactureCountry>IL</ManufactureCountry>
      <ManufacturerItemDescription>גבינת עמק 9%</ManufacturerItemDescription>
      <UnitQty>גרמים</UnitQty>
      <Quantity>200.00</Quantity>
      <bIsWeighted>0</bIsWeighted>
      <UnitOfMeasure>100 גרם</UnitOfMeasure>
      <QtyInPackage>0</QtyInPackage>
      <ItemPrice>17.80</ItemPrice>
      <UnitOfMeasurePrice>8.90</UnitOfMeasurePrice>
      <AllowDiscount>1</AllowDiscount>
      <ItemStatus>1</ItemStatus>
    </Item>
    <Item>
      <PriceUpdateDate>2023-01-11 08:35</PriceUpdateDate>
      <ItemCode>7290004122683</ItemCode>
      <ItemType>1</ItemType>
      <ItemName>אצבעות עמק חטיף גבינה172</ItemName>
      <ManufacturerName>תנובה</ManufacturerName>
      <ManufactureCountry>IL</ManufactureCountry>
      <ManufacturerItemDescription>אצבעות עמק</ManufacturerItemDescription>
      <UnitQty>גרמים</UnitQty>
      <Quantity>172.00</Quantity>
      <bIsWeighted>0</bIsWeighted>
      <UnitOfMeasure>100 גרם</UnitOfMeasure>
      <QtyInPackage>0</QtyInPackage>
      <ItemPrice>18.00</ItemPrice>
      <UnitOfMeasurePrice>10.47</UnitOfMeasurePrice>
      <AllowDiscount>1</AllowDiscount>
      <ItemStatus>1</ItemStatus>
    </Item>
    <Item>
      <PriceUpdateDate>2023-01-11 08:35</PriceUpdateDate>
      <ItemCode>7290004125370</ItemCode>
      <ItemType>1</ItemType>
      <ItemName>שמנת חמוצה 9% שומן 200מל</ItemName>
      <ManufacturerName>תנובה</ManufacturerName>
      <ManufactureCountry>IL</ManufactureCountry>
      <ManufacturerItemDescription>שמנת חמוצה 9%</ManufacturerItemDescription>
      <UnitQty>מיליליטרים</UnitQty>
      <Quantity>200.00</Quantity>
      <bIsWeighted>0</bIsWeighted>
      <UnitOfMeasure>100 מ"ל</UnitOfMeasure>
      <QtyInPackage>0</QtyInPackage>
      <ItemPrice>3.90</ItemPrice>
      <UnitOfMeasurePrice>1.95</UnitOfMeasurePrice>
      <AllowDiscount>1</AllowDiscount>
      <ItemStatus>1</ItemStatus>
    </Item>
    <Item>
      <PriceUpdateDate>2022-09-04 07:26</PriceUpdateDate>
      <ItemCode>7290004125400</ItemCode>
      <ItemType>1</ItemType>
      <ItemName>אשל מהדרין 4.5% 200 מ"ל</ItemName>
      <ManufacturerName>תנובה</ManufacturerName>
      <ManufactureCountry>IL</ManufactureCountry>
      <ManufacturerItemDescription>אשל 4.5% שומן</ManufacturerItemDescription>
      <UnitQty>מיליליטרים</UnitQty>
      <Quantity>200.00</Quantity>
      <bIsWeighted>0</bIsWeighted>
      <UnitOfMeasure>100 מ"ל</UnitOfMeasure>
      <QtyInPackage>0</QtyInPackage>
      <ItemPrice>1.69</ItemPrice>
      <UnitOfMeasurePrice>0.85</UnitOfMeasurePrice>
      <AllowDiscount>1</AllowDiscount>
      <ItemStatus>1</ItemStatus>
    </Item>
    <Item>
      <PriceUpdateDate>2022-09-04 07:26</PriceUpdateDate>
      <ItemCode>7290004125417</ItemCode>
      <ItemType>1</ItemType>
      <ItemName>גיל 3% מהדרין 200מ"ל</ItemName>
      <ManufacturerName>תנובה</ManufacturerName>
      <ManufactureCountry>IL</ManufactureCountry>
      <ManufacturerItemDescription>גיל לבן 3%שומן</ManufacturerItemDescription>
      <UnitQty>מיליליטרים</UnitQty>
      <Quantity>200.00</Quantity>
      <bIsWeighted>0</bIsWeighted>
      <UnitOfMeasure>100 מ"ל</UnitOfMeasure>
      <QtyInPackage>0</QtyInPackage>
      <ItemPrice>1.51</ItemPrice>
      <UnitOfMeasurePrice>0.76</UnitOfMeasurePrice>
      <AllowDiscount>1</AllowDiscount>
      <ItemStatus>1</ItemStatus>
    </Item>
    <Item>
      <PriceUpdateDate>2022-09-04 07:26</PriceUpdateDate>
      <ItemCode>7290004125455</ItemCode>
      <ItemType>1</ItemType>
      <ItemName>שמנת תנובה 15%שומן200מל</ItemName>
      <ManufacturerName>תנובה</ManufacturerName>
      <ManufactureCountry>IL</ManufactureCountry>
      <ManufacturerItemDescription>שמנת תנובה 15%</ManufacturerItemDescription>
      <UnitQty>מיליליטרים</UnitQty>
      <Quantity>200.00</Quantity>
      <bIsWeighted>0</bIsWeighted>
      <UnitOfMeasure>100 מ"ל</UnitOfMeasure>
      <QtyInPackage>0</QtyInPackage>
      <ItemPrice>2.40</ItemPrice>
      <UnitOfMeasurePrice>1.20</UnitOfMeasurePrice>
      <AllowDiscount>1</AllowDiscount>
      <ItemStatus>1</ItemStatus>
    </Item>
    <Item>
      <PriceUpdateDate>2018-11-19 07:52</PriceUpdateDate>
      <ItemCode>7290004125578</ItemCode>
      <ItemType>1</ItemType>
      <ItemName>משקה סויה 1 ליטר</ItemName>
      <ManufacturerName>סוי מג'יק</ManufacturerName>
      <ManufactureCountry>IL</ManufactureCountry>
      <ManufacturerItemDescription>משקה סויה</ManufacturerItemDescription>
      <UnitQty>ליטרים</UnitQty>
      <Quantity>1.00</Quantity>
      <bIsWeighted>0</bIsWeighted>
      <UnitOfMeasure>ליטר</UnitOfMeasure>
      <QtyInPackage>0</QtyInPackage>
      <ItemPrice>11.90</ItemPrice>
      <UnitOfMeasurePrice>11.90</UnitOfMeasurePrice>
      <AllowDiscount>1</AllowDiscount>
      <ItemStatus>1</ItemStatus>
    </Item>
    <Item>
      <PriceUpdateDate>2022-12-07 07:00</PriceUpdateDate>
      <ItemCode>7290004125721</ItemCode>
      <ItemType>1</ItemType>
      <ItemName>שמנת בישול-15%שף לבן250מ</ItemName>
      <ManufacturerName>תנובה</ManufacturerName>
      <ManufactureCountry>IL</ManufactureCountry>
      <ManufacturerItemDescription>שמנת לבישול15%</ManufacturerItemDescription>
      <UnitQty>מיליליטרים</UnitQty>
      <Quantity>250.00</Quantity>
      <bIsWeighted>0</bIsWeighted>
      <UnitOfMeasure>100 מ"ל</UnitOfMeasure>
      <QtyInPackage>0</QtyInPackage>
      <ItemPrice>8.70</ItemPrice>
      <UnitOfMeasurePrice>3.48</UnitOfMeasurePrice>
      <AllowDiscount>1</AllowDiscount>
      <ItemStatus>1</ItemStatus>
    </Item>
    <Item>
      <PriceUpdateDate>2022-12-07 07:00</PriceUpdateDate>
      <ItemCode>7290004125776</ItemCode>
      <ItemType>1</ItemType>
      <ItemName>גב.עמק פרוס 28%קופסא400ג</ItemName>
      <ManufacturerName>תנובה</ManufacturerName>
      <ManufactureCountry>IL</ManufactureCountry>
      <ManufacturerItemDescription>גבינת עמק פרוס</ManufacturerItemDescription>
      <UnitQty>גרמים</UnitQty>
      <Quantity>400.00</Quantity>
      <bIsWeighted>0</bIsWeighted>
      <UnitOfMeasure>100 גרם</UnitOfMeasure>
      <QtyInPackage>0</QtyInPackage>
      <ItemPrice>32.00</ItemPrice>
      <UnitOfMeasurePrice>8.00</UnitOfMeasurePrice>
      <AllowDiscount>1</AllowDiscount>
      <ItemStatus>1</ItemStatus>
    </Item>
    <Item>
      <PriceUpdateDate>2023-01-02 08:18</PriceUpdateDate>
      <ItemCode>7290004126759</ItemCode>
      <ItemType>1</ItemType>
      <ItemName>יופלה פירות יער0% 150 גר</ItemName>
      <ManufacturerName>תנובה בעמ</ManufacturerName>
      <ManufactureCountry>IL</ManufactureCountry>
      <ManufacturerItemDescription>יופלה דיאט</ManufacturerItemDescription>
      <UnitQty>גרמים</UnitQty>
      <Quantity>150.00</Quantity>
      <bIsWeighted>0</bIsWeighted>
      <UnitOfMeasure>100 גרם</UnitOfMeasure>
      <QtyInPackage>0</QtyInPackage>
      <ItemPrice>5.50</ItemPrice>
      <UnitOfMeasurePrice>3.67</UnitOfMeasurePrice>
      <AllowDiscount>1</AllowDiscount>
      <ItemStatus>1</ItemStatus>
    </Item>
    <Item>
      <PriceUpdateDate>2018-11-19 07:49</PriceUpdateDate>
      <ItemCode>7290004127077</ItemCode>
      <ItemType>1</ItemType>
      <ItemName>קוטג' תנובה 3% שומן 250</ItemName>
      <ManufacturerName>מחלבת אלון תבור</ManufacturerName>
      <ManufactureCountry>IL</ManufactureCountry>
      <ManufacturerItemDescription>קוטג' 3% שומן</ManufacturerItemDescription>
      <UnitQty>גרמים</UnitQty>
      <Quantity>250.00</Quantity>
      <bIsWeighted>0</bIsWeighted>
      <UnitOfMeasure>100 גרם</UnitOfMeasure>
      <QtyInPackage>0</QtyInPackage>
      <ItemPrice>5.70</ItemPrice>
      <UnitOfMeasurePrice>2.28</UnitOfMeasurePrice>
      <AllowDiscount>1</AllowDiscount>
      <ItemStatus>1</ItemStatus>
    </Item>
    <Item>
      <PriceUpdateDate>2018-11-19 07:49</PriceUpdateDate>
      <ItemCode>7290004127329</ItemCode>
      <ItemType>1</ItemType>
      <ItemName>קוטג' 5% 250 גרם בעלז</ItemName>
      <ManufacturerName>מחלבת אלון תבור</ManufacturerName>
      <ManufactureCountry>IL</ManufactureCountry>
      <ManufacturerItemDescription>קוטג' תנובה 5%</ManufacturerItemDescription>
      <UnitQty>גרמים</UnitQty>
      <Quantity>250.00</Quantity>
      <bIsWeighted>0</bIsWeighted>
      <UnitOfMeasure>100 גרם</UnitOfMeasure>
      <QtyInPackage>0</QtyInPackage>
      <ItemPrice>5.70</ItemPrice>
      <UnitOfMeasurePrice>2.28</UnitOfMeasurePrice>
      <AllowDiscount>1</AllowDiscount>
      <ItemStatus>1</ItemStatus>
    </Item>
    <Item>
      <PriceUpdateDate>2022-12-12 16:24</PriceUpdateDate>
      <ItemCode>7290004129118</ItemCode>
      <ItemType>1</ItemType>
      <ItemName>גב.נפולאון טעם זיתים225ג</ItemName>
      <ManufacturerName>מחלבת אלון תבור</ManufacturerName>
      <ManufactureCountry>IL</ManufactureCountry>
      <ManufacturerItemDescription>גבינת נפוליאון</ManufacturerItemDescription>
      <UnitQty>גרמים</UnitQty>
      <Quantity>225.00</Quantity>
      <bIsWeighted>0</bIsWeighted>
      <UnitOfMeasure>100 גרם</UnitOfMeasure>
      <QtyInPackage>0</QtyInPackage>
      <ItemPrice>15.00</ItemPrice>
      <UnitOfMeasurePrice>6.67</UnitOfMeasurePrice>
      <AllowDiscount>1</AllowDiscount>
      <ItemStatus>1</ItemStatus>
    </Item>
    <Item>
      <PriceUpdateDate>2022-09-04 07:26</PriceUpdateDate>
      <ItemCode>7290004131074</ItemCode>
      <ItemType>1</ItemType>
      <ItemName>חלב בקרטון 3% שומן 1 ל'</ItemName>
      <ManufacturerName>---</ManufacturerName>
      <ManufactureCountry>IL</ManufactureCountry>
      <ManufacturerItemDescription>חלב בקרטון 3%</ManufacturerItemDescription>
      <UnitQty>ליטרים</UnitQty>
      <Quantity>1.00</Quantity>
      <bIsWeighted>0</bIsWeighted>
      <UnitOfMeasure>ליטר</UnitOfMeasure>
      <QtyInPackage>0</QtyInPackage>
      <ItemPrice>6.23</ItemPrice>
      <UnitOfMeasurePrice>6.23</UnitOfMeasurePrice>
      <AllowDiscount>1</AllowDiscount>
      <ItemStatus>1</ItemStatus>
    </Item>
    <Item>
      <PriceUpdateDate>2023-01-11 08:35</PriceUpdateDate>
      <ItemCode>7290004136871</ItemCode>
      <ItemType>1</ItemType>
      <ItemName>מעדן ג'לי אפרסק+חתיכ125.</ItemName>
      <ManufacturerName>סוי מג'יק</ManufacturerName>
      <ManufactureCountry>IL</ManufactureCountry>
      <ManufacturerItemDescription>מעדן ג'לי אפרסק</ManufacturerItemDescription>
      <UnitQty>גרמים</UnitQty>
      <Quantity>125.00</Quantity>
      <bIsWeighted>0</bIsWeighted>
      <UnitOfMeasure>100 גרם</UnitOfMeasure>
      <QtyInPackage>0</QtyInPackage>
      <ItemPrice>3.10</ItemPrice>
      <UnitOfMeasurePrice>2.48</UnitOfMeasurePrice>
      <AllowDiscount>1</AllowDiscount>
      <ItemStatus>1</ItemStatus>
    </Item>
    <Item>
      <PriceUpdateDate>2023-01-02 08:18</PriceUpdateDate>
      <ItemCode>7290004137311</ItemCode>
      <ItemType>1</ItemType>
      <ItemName>גבינת עמק 9% 400 גרם</ItemName>
      <ManufacturerName>תנובה</ManufacturerName>
      <ManufactureCountry>IL</ManufactureCountry>
      <ManufacturerItemDescription>גבינת עמק 9%</ManufacturerItemDescription>
      <UnitQty>גרמים</UnitQty>
      <Quantity>400.00</Quantity>
      <bIsWeighted>0</bIsWeighted>
      <UnitOfMeasure>100 גרם</UnitOfMeasure>
      <QtyInPackage>0</QtyInPackage>
      <ItemPrice>32.50</ItemPrice>
      <UnitOfMeasurePrice>8.13</UnitOfMeasurePrice>
      <AllowDiscount>1</AllowDiscount>
      <ItemStatus>1</ItemStatus>
    </Item>
    <Item>
      <PriceUpdateDate>2022-04-29 11:51</PriceUpdateDate>
      <ItemCode>7290004228804</ItemCode>
      <ItemType>1</ItemType>
      <ItemName>עלי בצק למילוי סיגרים 45</ItemName>
      <ManufacturerName>שלושת האופים בע"\מ</ManufacturerName>
      <ManufactureCountry>IL</ManufactureCountry>
      <ManufacturerItemDescription>עלי בצק למילוי ס</ManufacturerItemDescription>
      <UnitQty>גרמים</UnitQty>
      <Quantity>450.00</Quantity>
      <bIsWeighted>0</bIsWeighted>
      <UnitOfMeasure>100 גרם</UnitOfMeasure>
      <QtyInPackage>1</QtyInPackage>
      <ItemPrice>14.90</ItemPrice>
      <UnitOfMeasurePrice>3.31</UnitOfMeasurePrice>
      <AllowDiscount>1</AllowDiscount>
      <ItemStatus>1</ItemStatus>
    </Item>
    <Item>
      <PriceUpdateDate>2022-12-21 09:42</PriceUpdateDate>
      <ItemCode>7290004585907</ItemCode>
      <ItemType>1</ItemType>
      <ItemName>דני וניל 1.5% שומן 125 ג</ItemName>
      <ManufacturerName>שטראוס גרופ בע"\מ</ManufacturerName>
      <ManufactureCountry>IL</ManufactureCountry>
      <ManufacturerItemDescription>דני וניל 1.5%</ManufacturerItemDescription>
      <UnitQty>גרמים</UnitQty>
      <Quantity>125.00</Quantity>
      <bIsWeighted>0</bIsWeighted>
      <UnitOfMeasure>100 גרם</UnitOfMeasure>
      <QtyInPackage>0</QtyInPackage>
      <ItemPrice>2.90</ItemPrice>
      <UnitOfMeasurePrice>2.32</UnitOfMeasurePrice>
      <AllowDiscount>1</AllowDiscount>
      <ItemStatus>1</ItemStatus>
    </Item>
    <Item>
      <PriceUpdateDate>2018-11-19 07:51</PriceUpdateDate>
      <ItemCode>7290004603175</ItemCode>
      <ItemType>1</ItemType>
      <ItemName>מלח ים גס 500 גרם</ItemName>
      <ManufacturerName>חברת מלח הארץ אילת בע"\מ</ManufacturerName>
      <ManufactureCountry>IL</ManufactureCountry>
      <ManufacturerItemDescription>מלח ים גס</ManufacturerItemDescription>
      <UnitQty>גרמים</UnitQty>
      <Quantity>500.00</Quantity>
      <bIsWeighted>0</bIsWeighted>
      <UnitOfMeasure>100 גרם</UnitOfMeasure>
      <QtyInPackage>0</QtyInPackage>
      <ItemPrice>8.40</ItemPrice>
      <UnitOfMeasurePrice>1.68</UnitOfMeasurePrice>
      <AllowDiscount>1</AllowDiscount>
      <ItemStatus>1</ItemStatus>
    </Item>
    <Item>
      <PriceUpdateDate>2018-11-19 07:51</PriceUpdateDate>
      <ItemCode>7290005201882</ItemCode>
      <ItemType>1</ItemType>
      <ItemName>קפה טורקי בצלופן 200 גרם</ItemName>
      <ManufacturerName>שטראוס קפה בי.ויn\.</ManufacturerName>
      <ManufactureCountry>IL</ManufactureCountry>
      <ManufacturerItemDescription>קפה טורקי בצלופן</ManufacturerItemDescription>
      <UnitQty>גרמים</UnitQty>
      <Quantity>200.00</Quantity>
      <bIsWeighted>0</bIsWeighted>
      <UnitOfMeasure>100 גרם</UnitOfMeasure>
      <QtyInPackage>0</QtyInPackage>
      <ItemPrice>17.90</ItemPrice>
      <UnitOfMeasurePrice>8.95</UnitOfMeasurePrice>
      <AllowDiscount>1</AllowDiscount>
      <ItemStatus>1</ItemStatus>
    </Item>
    <Item>
      <PriceUpdateDate>2021-10-13 06:55</PriceUpdateDate>
      <ItemCode>7290005424847</ItemCode>
      <ItemType>1</ItemType>
      <ItemName>מפיות חד שכבתי 30*30 ס"מ</ItemName>
      <ManufacturerName>סנו מפעלי ברונוס בעמ</ManufacturerName>
      <ManufactureCountry>TR</ManufactureCountry>
      <ManufacturerItemDescription>מפיות דו שכבתי</ManufacturerItemDescription>
      <UnitQty>יחידה</UnitQty>
      <Quantity>1.00</Quantity>
      <bIsWeighted>0</bIsWeighted>
      <UnitOfMeasure>יחידה</UnitOfMeasure>
      <QtyInPackage>0</QtyInPackage>
      <ItemPrice>8.50</ItemPrice>
      <UnitOfMeasurePrice>8.50</UnitOfMeasurePrice>
      <AllowDiscount>1</AllowDiscount>
      <ItemStatus>1</ItemStatus>
    </Item>
    <Item>
      <PriceUpdateDate>2021-12-20 07:32</PriceUpdateDate>
      <ItemCode>7290005559990</ItemCode>
      <ItemType>1</ItemType>
      <ItemName>בצק פילאס תורקי 600 גרם</ItemName>
      <ManufacturerName>מעדנות בע"\מ</ManufacturerName>
      <ManufactureCountry>IL</ManufactureCountry>
      <ManufacturerItemDescription>בצק פילאס תורכי</ManufacturerItemDescription>
      <UnitQty>גרמים</UnitQty>
      <Quantity>600.00</Quantity>
      <bIsWeighted>0</bIsWeighted>
      <UnitOfMeasure>100 גרם</UnitOfMeasure>
      <QtyInPackage>0</QtyInPackage>
      <ItemPrice>25.90</ItemPrice>
      <UnitOfMeasurePrice>4.32</UnitOfMeasurePrice>
      <AllowDiscount>1</AllowDiscount>
      <ItemStatus>1</ItemStatus>
    </Item>
    <Item>
      <PriceUpdateDate>2019-06-18 07:55</PriceUpdateDate>
      <ItemCode>7290005678790</ItemCode>
      <ItemType>1</ItemType>
      <ItemName>פלפל מיקס חריף יחידה</ItemName>
      <ManufacturerName>קטיף.</ManufacturerName>
      <ManufactureCountry>IL</ManufactureCountry>
      <ManufacturerItemDescription>פלפל מיקס חריף</ManufacturerItemDescription>
      <UnitQty>יחידה</UnitQty>
      <Quantity>1.00</Quantity>
      <bIsWeighted>0</bIsWeighted>
      <UnitOfMeasure>יחידה</UnitOfMeasure>
      <QtyInPackage>1</QtyInPackage>
      <ItemPrice>9.90</ItemPrice>
      <UnitOfMeasurePrice>9.90</UnitOfMeasurePrice>
      <AllowDiscount>1</AllowDiscount>
      <ItemStatus>1</ItemStatus>
    </Item>
    <Item>
      <PriceUpdateDate>2018-11-19 07:49</PriceUpdateDate>
      <ItemCode>7290005838002</ItemCode>
      <ItemType>1</ItemType>
      <ItemName>דניאלה מעדן גבינה 88 גרם</ItemName>
      <ManufacturerName>שטראוס גרופ בע"\מ</ManufacturerName>
      <ManufactureCountry>IL</ManufactureCountry>
      <ManufacturerItemDescription>מעדן דניאלה</ManufacturerItemDescription>
      <UnitQty>גרמים</UnitQty>
      <Quantity>88.00</Quantity>
      <bIsWeighted>0</bIsWeighted>
      <UnitOfMeasure>100 גרם</UnitOfMeasure>
      <QtyInPackage>0</QtyInPackage>
      <ItemPrice>4.30</ItemPrice>
      <UnitOfMeasurePrice>4.89</UnitOfMeasurePrice>
      <AllowDiscount>1</AllowDiscount>
      <ItemStatus>1</ItemStatus>
    </Item>
    <Item>
      <PriceUpdateDate>2018-11-19 07:49</PriceUpdateDate>
      <ItemCode>7290005839108</ItemCode>
      <ItemType>1</ItemType>
      <ItemName>גב.סימפוניה +5%זיתים200ג</ItemName>
      <ManufacturerName>שטראוס בריאות בע"\מ</ManufacturerName>
      <ManufactureCountry>IL</ManufactureCountry>
      <ManufacturerItemDescription>גבינת סימפוניה</ManufacturerItemDescription>
      <UnitQty>גרמים</UnitQty>
      <Quantity>200.00</Quantity>
      <bIsWeighted>0</bIsWeighted>
      <UnitOfMeasure>100 גרם</UnitOfMeasure>
      <QtyInPackage>0</QtyInPackage>
      <ItemPrice>12.40</ItemPrice>
      <UnitOfMeasurePrice>6.20</UnitOfMeasurePrice>
      <AllowDiscount>1</AllowDiscount>
      <ItemStatus>1</ItemStatus>
    </Item>
    <Item>
      <PriceUpdateDate>2023-01-02 08:18</PriceUpdateDate>
      <ItemCode>7290005839313</ItemCode>
      <ItemType>1</ItemType>
      <ItemName>מילקי טופ שוקול.מגולג170</ItemName>
      <ManufacturerName>שטראוס גרופ בע"\מ</ManufacturerName>
      <ManufactureCountry>IL</ManufactureCountry>
      <ManufacturerItemDescription>מילקי טופ</ManufacturerItemDescription>
      <UnitQty>מיליליטרים</UnitQty>
      <Quantity>170.00</Quantity>
      <bIsWeighted>0</bIsWeighted>
      <UnitOfMeasure>100 מ"ל</UnitOfMeasure>
      <QtyInPackage>0</QtyInPackage>
      <ItemPrice>5.20</ItemPrice>
      <UnitOfMeasurePrice>3.06</UnitOfMeasurePrice>
      <AllowDiscount>1</AllowDiscount>
      <ItemStatus>1</ItemStatus>
    </Item>
    <Item>
      <PriceUpdateDate>2019-01-29 09:14</PriceUpdateDate>
      <ItemCode>7290005896439</ItemCode>
      <ItemType>1</ItemType>
      <ItemName>בירה מכבי</ItemName>
      <ManufacturerName />
      <ManufactureCountry>IL</ManufactureCountry>
      <ManufacturerItemDescription>בירה מכבי</ManufacturerItemDescription>
      <UnitQty>מיליליטרים</UnitQty>
      <Quantity>500.00</Quantity>
      <bIsWeighted>0</bIsWeighted>
      <UnitOfMeasure>100 מ"ל</UnitOfMeasure>
      <QtyInPackage>0</QtyInPackage>
      <ItemPrice>7.00</ItemPrice>
      <UnitOfMeasurePrice>1.40</UnitOfMeasurePrice>
      <AllowDiscount>1</AllowDiscount>
      <ItemStatus>1</ItemStatus>
    </Item>
    <Item>
      <PriceUpdateDate>2018-11-19 07:49</PriceUpdateDate>
      <ItemCode>7290005938245</ItemCode>
      <ItemType>1</ItemType>
      <ItemName>פסטו קלאסי 220 גרם</ItemName>
      <ManufacturerName>נטו</ManufacturerName>
      <ManufactureCountry>IL</ManufactureCountry>
      <ManufacturerItemDescription>פסטו קלאסי</ManufacturerItemDescription>
      <UnitQty>גרמים</UnitQty>
      <Quantity>220.00</Quantity>
      <bIsWeighted>0</bIsWeighted>
      <UnitOfMeasure>100 גרם</UnitOfMeasure>
      <QtyInPackage>0</QtyInPackage>
      <ItemPrice>19.90</ItemPrice>
      <UnitOfMeasurePrice>9.05</UnitOfMeasurePrice>
      <AllowDiscount>1</AllowDiscount>
      <ItemStatus>1</ItemStatus>
    </Item>
    <Item>
      <PriceUpdateDate>2018-11-19 07:51</PriceUpdateDate>
      <ItemCode>7290006251282</ItemCode>
      <ItemType>1</ItemType>
      <ItemName>חליטת קרנברי ג.קסום25ש3*</ItemName>
      <ManufacturerName>ויסוצקי</ManufacturerName>
      <ManufactureCountry>IL</ManufactureCountry>
      <ManufacturerItemDescription>חליטת חמוציות</ManufacturerItemDescription>
      <UnitQty>גרמים</UnitQty>
      <Quantity>75.00</Quantity>
      <bIsWeighted>0</bIsWeighted>
      <UnitOfMeasure>100 גרם</UnitOfMeasure>
      <QtyInPackage>0</QtyInPackage>
      <ItemPrice>19.90</ItemPrice>
      <UnitOfMeasurePrice>26.53</UnitOfMeasurePrice>
      <AllowDiscount>1</AllowDiscount>
      <ItemStatus>1</ItemStatus>
    </Item>
    <Item>
      <PriceUpdateDate>2022-06-08 10:57</PriceUpdateDate>
      <ItemCode>7290006322104</ItemCode>
      <ItemType>1</ItemType>
      <ItemName>לחם רחיים קל 500 גרם</ItemName>
      <ManufacturerName>מאפיית דוידוביץ ובניו בע</ManufacturerName>
      <ManufactureCountry>IL</ManufactureCountry>
      <ManufacturerItemDescription>לחם רחיים קל</ManufacturerItemDescription>
      <UnitQty>גרמים</UnitQty>
      <Quantity>500.00</Quantity>
      <bIsWeighted>0</bIsWeighted>
      <UnitOfMeasure>100 גרם</UnitOfMeasure>
      <QtyInPackage>0</QtyInPackage>
      <ItemPrice>16.50</ItemPrice>
      <UnitOfMeasurePrice>3.30</UnitOfMeasurePrice>
      <AllowDiscount>1</AllowDiscount>
      <ItemStatus>1</ItemStatus>
    </Item>
    <Item>
      <PriceUpdateDate>2023-02-21 09:33</PriceUpdateDate>
      <ItemCode>7290006681065</ItemCode>
      <ItemType>1</ItemType>
      <ItemName>טעמקור XL שוקווניל יח</ItemName>
      <ManufacturerName>מיוצר ע"\י גלידת שטראוס</ManufacturerName>
      <ManufactureCountry>IL</ManufactureCountry>
      <ManufacturerItemDescription>טעמקור XL</ManufacturerItemDescription>
      <UnitQty>יחידה</UnitQty>
      <Quantity>1.00</Quantity>
      <bIsWeighted>0</bIsWeighted>
      <UnitOfMeasure>יחידה</UnitOfMeasure>
      <QtyInPackage>0</QtyInPackage>
      <ItemPrice>8.90</ItemPrice>
      <UnitOfMeasurePrice>8.90</UnitOfMeasurePrice>
      <AllowDiscount>1</AllowDiscount>
      <ItemStatus>1</ItemStatus>
    </Item>
    <Item>
      <PriceUpdateDate>2023-01-19 18:58</PriceUpdateDate>
      <ItemCode>7290006742315</ItemCode>
      <ItemType>1</ItemType>
      <ItemName>חזה הודו ברביקיו 330 גרם</ItemName>
      <ManufacturerName>זוגלובק</ManufacturerName>
      <ManufactureCountry>IL</ManufactureCountry>
      <ManufacturerItemDescription>חזה הודו ברביקיו</ManufacturerItemDescription>
      <UnitQty>גרמים</UnitQty>
      <Quantity>330.00</Quantity>
      <bIsWeighted>0</bIsWeighted>
      <UnitOfMeasure>100 גרם</UnitOfMeasure>
      <QtyInPackage>0</QtyInPackage>
      <ItemPrice>32.90</ItemPrice>
      <UnitOfMeasurePrice>9.97</UnitOfMeasurePrice>
      <AllowDiscount>1</AllowDiscount>
      <ItemStatus>1</ItemStatus>
    </Item>
    <Item>
      <PriceUpdateDate>2018-11-19 07:48</PriceUpdateDate>
      <ItemCode>7290006748072</ItemCode>
      <ItemType>1</ItemType>
      <ItemName>1 ע צ י ץ</ItemName>
      <ManufacturerName>פרחי ליידי דיאן</ManufacturerName>
      <ManufactureCountry>IL</ManufactureCountry>
      <ManufacturerItemDescription>1 ע צ י ץ</ManufacturerItemDescription>
      <UnitQty>יחידה</UnitQty>
      <Quantity>1.00</Quantity>
      <bIsWeighted>0</bIsWeighted>
      <UnitOfMeasure>יחידה</UnitOfMeasure>
      <QtyInPackage>0</QtyInPackage>
      <ItemPrice>35.00</ItemPrice>
      <UnitOfMeasurePrice>35.00</UnitOfMeasurePrice>
      <AllowDiscount>1</AllowDiscount>
      <ItemStatus>1</ItemStatus>
    </Item>
    <Item>
      <PriceUpdateDate>2018-11-19 07:48</PriceUpdateDate>
      <ItemCode>7290006748119</ItemCode>
      <ItemType>1</ItemType>
      <ItemName>זר פרחים גרברה יחידה</ItemName>
      <ManufacturerName>שונות</ManufacturerName>
      <ManufactureCountry>IL</ManufactureCountry>
      <ManufacturerItemDescription>זר גרברה</ManufacturerItemDescription>
      <UnitQty>יחידה</UnitQty>
      <Quantity>1.00</Quantity>
      <bIsWeighted>0</bIsWeighted>
      <UnitOfMeasure>יחידה</UnitOfMeasure>
      <QtyInPackage>0</QtyInPackage>
      <ItemPrice>59.00</ItemPrice>
      <UnitOfMeasurePrice>59.00</UnitOfMeasurePrice>
      <AllowDiscount>1</AllowDiscount>
      <ItemStatus>1</ItemStatus>
    </Item>
    <Item>
      <PriceUpdateDate>2018-11-19 07:48</PriceUpdateDate>
      <ItemCode>7290006748133</ItemCode>
      <ItemType>1</ItemType>
      <ItemName>זר פרחים בינוני</ItemName>
      <ManufacturerName>פרחי ליידי דיאן</ManufacturerName>
      <ManufactureCountry>IL</ManufactureCountry>
      <ManufacturerItemDescription>זר פרחים בינוני</ManufacturerItemDescription>
      <UnitQty>יחידה</UnitQty>
      <Quantity>1.00</Quantity>
      <bIsWeighted>0</bIsWeighted>
      <UnitOfMeasure>יחידה</UnitOfMeasure>
      <QtyInPackage>0</QtyInPackage>
      <ItemPrice>25.00</ItemPrice>
      <UnitOfMeasurePrice>25.00</UnitOfMeasurePrice>
      <AllowDiscount>1</AllowDiscount>
      <ItemStatus>1</ItemStatus>
    </Item>
    <Item>
      <PriceUpdateDate>2019-01-18 07:10</PriceUpdateDate>
      <ItemCode>7290006764072</ItemCode>
      <ItemType>1</ItemType>
      <ItemName>גולדסטאר בק.חוזר 500 מ"ל</ItemName>
      <ManufacturerName>טמפו משקאות בע"\מ</ManufacturerName>
      <ManufactureCountry>IL</ManufactureCountry>
      <ManufacturerItemDescription>בירה גולדסטאר</ManufacturerItemDescription>
      <UnitQty>מיליליטרים</UnitQty>
      <Quantity>500.00</Quantity>
      <bIsWeighted>0</bIsWeighted>
      <UnitOfMeasure>100 מ"ל</UnitOfMeasure>
      <QtyInPackage>0</QtyInPackage>
      <ItemPrice>7.70</ItemPrice>
      <UnitOfMeasurePrice>1.54</UnitOfMeasurePrice>
      <AllowDiscount>1</AllowDiscount>
      <ItemStatus>1</ItemStatus>
    </Item>
    <Item>
      <PriceUpdateDate>2019-01-18 07:10</PriceUpdateDate>
      <ItemCode>7290006764096</ItemCode>
      <ItemType>1</ItemType>
      <ItemName>בירה איגל בקבוק חוזר500מ</ItemName>
      <ManufacturerName>טמפו משקאות בע"\מ</ManufacturerName>
      <ManufactureCountry>IL</ManufactureCountry>
      <ManufacturerItemDescription>בירה איגל</ManufacturerItemDescription>
      <UnitQty>מיליליטרים</UnitQty>
      <Quantity>500.00</Quantity>
      <bIsWeighted>0</bIsWeighted>
      <UnitOfMeasure>100 מ"ל</UnitOfMeasure>
      <QtyInPackage>1</QtyInPackage>
      <ItemPrice>6.90</ItemPrice>
      <UnitOfMeasurePrice>1.38</UnitOfMeasurePrice>
      <AllowDiscount>1</AllowDiscount>
      <ItemStatus>1</ItemStatus>
    </Item>
    <Item>
      <PriceUpdateDate>2020-08-04 09:21</PriceUpdateDate>
      <ItemCode>7290006788429</ItemCode>
      <ItemType>1</ItemType>
      <ItemName>דאו.קרליין רולאון כתום75</ItemName>
      <ManufacturerName>אמיליה קוסמטיקס בעמ</ManufacturerName>
      <ManufactureCountry>IL</ManufactureCountry>
      <ManufacturerItemDescription>דאודורנט קרליין</ManufacturerItemDescription>
      <UnitQty>מיליליטרים</UnitQty>
      <Quantity>75.00</Quantity>
      <bIsWeighted>0</bIsWeighted>
      <UnitOfMeasure>100 מ"ל</UnitOfMeasure>
      <QtyInPackage>0</QtyInPackage>
      <ItemPrice>14.90</ItemPrice>
      <UnitOfMeasurePrice>19.87</UnitOfMeasurePrice>
      <AllowDiscount>1</AllowDiscount>
      <ItemStatus>1</ItemStatus>
    </Item>
    <Item>
      <PriceUpdateDate>2021-12-21 07:53</PriceUpdateDate>
      <ItemCode>7290006788504</ItemCode>
      <ItemType>1</ItemType>
      <ItemName>דאו.קרליין ספריי סגול200</ItemName>
      <ManufacturerName>מיוצר עי : אמיליה קוסמטי</ManufacturerName>
      <ManufactureCountry>IL</ManufactureCountry>
      <ManufacturerItemDescription>דאודורנט קרליין</ManufacturerItemDescription>
      <UnitQty>מיליליטרים</UnitQty>
      <Quantity>200.00</Quantity>
      <bIsWeighted>0</bIsWeighted>
      <UnitOfMeasure>100 מ"ל</UnitOfMeasure>
      <QtyInPackage>0</QtyInPackage>
      <ItemPrice>13.90</ItemPrice>
      <UnitOfMeasurePrice>6.95</UnitOfMeasurePrice>
      <AllowDiscount>1</AllowDiscount>
      <ItemStatus>1</ItemStatus>
    </Item>
    <Item>
      <PriceUpdateDate>2023-03-31 07:49</PriceUpdateDate>
      <ItemCode>7290006822192</ItemCode>
      <ItemType>1</ItemType>
      <ItemName>אושן ספריי חמוציות דיאט</ItemName>
      <ManufacturerName>מבשלות בירה בינלאומיות ב</ManufacturerName>
      <ManufactureCountry>IL</ManufactureCountry>
      <ManufacturerItemDescription>אושן ספריי</ManufacturerItemDescription>
      <UnitQty>ליטרים</UnitQty>
      <Quantity>1.00</Quantity>
      <bIsWeighted>0</bIsWeighted>
      <UnitOfMeasure>ליטר</UnitOfMeasure>
      <QtyInPackage>0</QtyInPackage>
      <ItemPrice>12.60</ItemPrice>
      <UnitOfMeasurePrice>12.60</UnitOfMeasurePrice>
      <AllowDiscount>1</AllowDiscount>
      <ItemStatus>1</ItemStatus>
    </Item>
    <Item>
      <PriceUpdateDate>2023-01-02 08:36</PriceUpdateDate>
      <ItemCode>7290006960986</ItemCode>
      <ItemType>1</ItemType>
      <ItemName>כיסונים בשר מיוחדים 800</ItemName>
      <ManufacturerName>מאמא מרי בע"\מ</ManufacturerName>
      <ManufactureCountry>IL</ManufactureCountry>
      <ManufacturerItemDescription>כיסונים בשר מיוח</ManufacturerItemDescription>
      <UnitQty>גרמים</UnitQty>
      <Quantity>800.00</Quantity>
      <bIsWeighted>0</bIsWeighted>
      <UnitOfMeasure>100 גרם</UnitOfMeasure>
      <QtyInPackage>1</QtyInPackage>
      <ItemPrice>25.90</ItemPrice>
      <UnitOfMeasurePrice>3.24</UnitOfMeasurePrice>
      <AllowDiscount>1</AllowDiscount>
      <ItemStatus>1</ItemStatus>
    </Item>
    <Item>
      <PriceUpdateDate>2023-01-03 11:29</PriceUpdateDate>
      <ItemCode>7290006983770</ItemCode>
      <ItemType>1</ItemType>
      <ItemName>עוגת הבית שיש אסם 400 גר</ItemName>
      <ManufacturerName>אסם השקעות בע"\מ</ManufacturerName>
      <ManufactureCountry>IL</ManufactureCountry>
      <ManufacturerItemDescription>עוגת שיש</ManufacturerItemDescription>
      <UnitQty>גרמים</UnitQty>
      <Quantity>400.00</Quantity>
      <bIsWeighted>0</bIsWeighted>
      <UnitOfMeasure>100 גרם</UnitOfMeasure>
      <QtyInPackage>0</QtyInPackage>
      <ItemPrice>14.10</ItemPrice>
      <UnitOfMeasurePrice>3.53</UnitOfMeasurePrice>
      <AllowDiscount>1</AllowDiscount>
      <ItemStatus>1</ItemStatus>
    </Item>
    <Item>
      <PriceUpdateDate>2022-11-14 10:13</PriceUpdateDate>
      <ItemCode>7290008268455</ItemCode>
      <ItemType>1</ItemType>
      <ItemName>קיווי במארז יחידה</ItemName>
      <ManufacturerName>בראשית</ManufacturerName>
      <ManufactureCountry>IL</ManufactureCountry>
      <ManufacturerItemDescription>קיווי במארז</ManufacturerItemDescription>
      <UnitQty>יחידה</UnitQty>
      <Quantity>1.00</Quantity>
      <bIsWeighted>0</bIsWeighted>
      <UnitOfMeasure>יחידה</UnitOfMeasure>
      <QtyInPackage>1</QtyInPackage>
      <ItemPrice>17.90</ItemPrice>
      <UnitOfMeasurePrice>17.90</UnitOfMeasurePrice>
      <AllowDiscount>1</AllowDiscount>
      <ItemStatus>1</ItemStatus>
    </Item>
    <Item>
      <PriceUpdateDate>2023-01-19 18:58</PriceUpdateDate>
      <ItemCode>7290008340618</ItemCode>
      <ItemType>1</ItemType>
      <ItemName>סלמון מעושן מצונן 100 גר</ItemName>
      <ManufacturerName>ויליגר תעשיות בעמ</ManufacturerName>
      <ManufactureCountry>IL</ManufactureCountry>
      <ManufacturerItemDescription>סלמון מעושן</ManufacturerItemDescription>
      <UnitQty>גרמים</UnitQty>
      <Quantity>100.00</Quantity>
      <bIsWeighted>0</bIsWeighted>
      <UnitOfMeasure>100 גרם</UnitOfMeasure>
      <QtyInPackage>0</QtyInPackage>
      <ItemPrice>23.90</ItemPrice>
      <UnitOfMeasurePrice>23.90</UnitOfMeasurePrice>
      <AllowDiscount>1</AllowDiscount>
      <ItemStatus>1</ItemStatus>
    </Item>
    <Item>
      <PriceUpdateDate>2018-11-19 07:49</PriceUpdateDate>
      <ItemCode>7290008409223</ItemCode>
      <ItemType>1</ItemType>
      <ItemName>שניצל דק מתובל 700 גרם</ItemName>
      <ManufacturerName>תנובה גליל שותפות מוגבלת</ManufacturerName>
      <ManufactureCountry>IL</ManufactureCountry>
      <ManufacturerItemDescription>שניצל דק מתובל</ManufacturerItemDescription>
      <UnitQty>גרמים</UnitQty>
      <Quantity>700.00</Quantity>
      <bIsWeighted>0</bIsWeighted>
      <UnitOfMeasure>100 גרם</UnitOfMeasure>
      <QtyInPackage>0</QtyInPackage>
      <ItemPrice>42.90</ItemPrice>
      <UnitOfMeasurePrice>6.13</UnitOfMeasurePrice>
      <AllowDiscount>1</AllowDiscount>
      <ItemStatus>1</ItemStatus>
    </Item>
    <Item>
      <PriceUpdateDate>2018-11-19 07:49</PriceUpdateDate>
      <ItemCode>7290008409407</ItemCode>
      <ItemType>1</ItemType>
      <ItemName>שניצל דק בציפוי צ'יפס 00</ItemName>
      <ManufacturerName>תנובה גליל שותפות מוגבלת</ManufacturerName>
      <ManufactureCountry>IL</ManufactureCountry>
      <ManufacturerItemDescription>שניצל דק צ'יפס</ManufacturerItemDescription>
      <UnitQty>גרמים</UnitQty>
      <Quantity>700.00</Quantity>
      <bIsWeighted>0</bIsWeighted>
      <UnitOfMeasure>100 גרם</UnitOfMeasure>
      <QtyInPackage>0</QtyInPackage>
      <ItemPrice>42.90</ItemPrice>
      <UnitOfMeasurePrice>6.13</UnitOfMeasurePrice>
      <AllowDiscount>1</AllowDiscount>
      <ItemStatus>1</ItemStatus>
    </Item>
    <Item>
      <PriceUpdateDate>2018-12-10 10:53</PriceUpdateDate>
      <ItemCode>7290008409773</ItemCode>
      <ItemType>1</ItemType>
      <ItemName>קציצות עוף ביתיות 700 גר</ItemName>
      <ManufacturerName>תנובה גליל שותפות מוגבלת</ManufacturerName>
      <ManufactureCountry>IL</ManufactureCountry>
      <ManufacturerItemDescription>קציצות אמיתיות</ManufacturerItemDescription>
      <UnitQty>גרמים</UnitQty>
      <Quantity>700.00</Quantity>
      <bIsWeighted>0</bIsWeighted>
      <UnitOfMeasure>100 גרם</UnitOfMeasure>
      <QtyInPackage>0</QtyInPackage>
      <ItemPrice>36.70</ItemPrice>
      <UnitOfMeasurePrice>5.24</UnitOfMeasurePrice>
      <AllowDiscount>1</AllowDiscount>
      <ItemStatus>1</ItemStatus>
    </Item>
    <Item>
      <PriceUpdateDate>2022-07-13 09:46</PriceUpdateDate>
      <ItemCode>7290008462204</ItemCode>
      <ItemType>1</ItemType>
      <ItemName>םרג 380 ןו'זיד לדרח</ItemName>
      <ManufacturerName>וטנ</ManufacturerName>
      <ManufactureCountry>FR</ManufactureCountry>
      <ManufacturerItemDescription>חרדל דיז'ון</ManufacturerItemDescription>
      <UnitQty>גרמים</UnitQty>
      <Quantity>380.00</Quantity>
      <bIsWeighted>0</bIsWeighted>
      <UnitOfMeasure>100 גרם</UnitOfMeasure>
      <QtyInPackage>0</QtyInPackage>
      <ItemPrice>18.90</ItemPrice>
      <UnitOfMeasurePrice>4.97</UnitOfMeasurePrice>
      <AllowDiscount>1</AllowDiscount>
      <ItemStatus>1</ItemStatus>
    </Item>
    <Item>
      <PriceUpdateDate>2019-01-18 07:10</PriceUpdateDate>
      <ItemCode>7290008464024</ItemCode>
      <ItemType>1</ItemType>
      <ItemName>גולדסטאר בפחית</ItemName>
      <ManufacturerName />
      <ManufactureCountry>IL</ManufactureCountry>
      <ManufacturerItemDescription>גולדסטאר בפחית</ManufacturerItemDescription>
      <UnitQty>מיליליטרים</UnitQty>
      <Quantity>500.00</Quantity>
      <bIsWeighted>0</bIsWeighted>
      <UnitOfMeasure>100 מ"ל</UnitOfMeasure>
      <QtyInPackage>0</QtyInPackage>
      <ItemPrice>10.90</ItemPrice>
      <UnitOfMeasurePrice>2.18</UnitOfMeasurePrice>
      <AllowDiscount>1</AllowDiscount>
      <ItemStatus>1</ItemStatus>
    </Item>
    <Item>
      <PriceUpdateDate>2019-08-13 06:17</PriceUpdateDate>
      <ItemCode>7290008464130</ItemCode>
      <ItemType>1</ItemType>
      <ItemName>בירה גולדסטאר6יח</ItemName>
      <ManufacturerName />
      <ManufactureCountry>IL</ManufactureCountry>
      <ManufacturerItemDescription>בירה גולדסטאר6יח</ManufacturerItemDescription>
      <UnitQty>ליטרים</UnitQty>
      <Quantity>1.98</Quantity>
      <bIsWeighted>0</bIsWeighted>
      <UnitOfMeasure>ליטר</UnitOfMeasure>
      <QtyInPackage>0</QtyInPackage>
      <ItemPrice>45.90</ItemPrice>
      <UnitOfMeasurePrice>23.18</UnitOfMeasurePrice>
      <AllowDiscount>1</AllowDiscount>
      <ItemStatus>1</ItemStatus>
    </Item>
    <Item>
      <PriceUpdateDate>2019-01-18 07:10</PriceUpdateDate>
      <ItemCode>7290008464475</ItemCode>
      <ItemType>1</ItemType>
      <ItemName>בירה מכבי פחית 500 מ"ל</ItemName>
      <ManufacturerName>טמפו משקאות בע"\מ</ManufacturerName>
      <ManufactureCountry>IL</ManufactureCountry>
      <ManufacturerItemDescription>בירה מכבי פחית</ManufacturerItemDescription>
      <UnitQty>מיליליטרים</UnitQty>
      <Quantity>500.00</Quantity>
      <bIsWeighted>0</bIsWeighted>
      <UnitOfMeasure>100 מ"ל</UnitOfMeasure>
      <QtyInPackage>0</QtyInPackage>
      <ItemPrice>8.50</ItemPrice>
      <UnitOfMeasurePrice>1.70</UnitOfMeasurePrice>
      <AllowDiscount>1</AllowDiscount>
      <ItemStatus>1</ItemStatus>
    </Item>
    <Item>
      <PriceUpdateDate>2023-04-11 04:50</PriceUpdateDate>
      <ItemCode>7290008464796</ItemCode>
      <ItemType>1</ItemType>
      <ItemName>בירה הייניקן בק330*6 מ"ל</ItemName>
      <ManufacturerName>טמפו משקאות בע''מ</ManufacturerName>
      <ManufactureCountry>IL</ManufactureCountry>
      <ManufacturerItemDescription>בירה הייניקן 6יח</ManufacturerItemDescription>
      <UnitQty>ליטרים</UnitQty>
      <Quantity>1.98</Quantity>
      <bIsWeighted>0</bIsWeighted>
      <UnitOfMeasure>ליטר</UnitOfMeasure>
      <QtyInPackage>0</QtyInPackage>
      <ItemPrice>36.90</ItemPrice>
      <UnitOfMeasurePrice>18.64</UnitOfMeasurePrice>
      <AllowDiscount>1</AllowDiscount>
      <ItemStatus>1</ItemStatus>
    </Item>
    <Item>
      <PriceUpdateDate>2018-11-19 07:51</PriceUpdateDate>
      <ItemCode>7290008493413</ItemCode>
      <ItemType>1</ItemType>
      <ItemName>פירורי גריסיני 200 גרם</ItemName>
      <ManufacturerName>מאיר בייגל</ManufacturerName>
      <ManufactureCountry>IL</ManufactureCountry>
      <ManufacturerItemDescription>פירורי גריסיני</ManufacturerItemDescription>
      <UnitQty>גרמים</UnitQty>
      <Quantity>200.00</Quantity>
      <bIsWeighted>0</bIsWeighted>
      <UnitOfMeasure>100 גרם</UnitOfMeasure>
      <QtyInPackage>0</QtyInPackage>
      <ItemPrice>7.50</ItemPrice>
      <UnitOfMeasurePrice>3.75</UnitOfMeasurePrice>
      <AllowDiscount>1</AllowDiscount>
      <ItemStatus>1</ItemStatus>
    </Item>
    <Item>
      <PriceUpdateDate>2023-03-31 07:49</PriceUpdateDate>
      <ItemCode>7290008690713</ItemCode>
      <ItemType>1</ItemType>
      <ItemName>אושן ספריי חמוציות 1ליטר</ItemName>
      <ManufacturerName>מבשלות בירה בינלאומיות ב</ManufacturerName>
      <ManufactureCountry>IL</ManufactureCountry>
      <ManufacturerItemDescription>אושן ספריי</ManufacturerItemDescription>
      <UnitQty>ליטרים</UnitQty>
      <Quantity>1.00</Quantity>
      <bIsWeighted>0</bIsWeighted>
      <UnitOfMeasure>ליטר</UnitOfMeasure>
      <QtyInPackage>0</QtyInPackage>
      <ItemPrice>12.20</ItemPrice>
      <UnitOfMeasurePrice>12.20</UnitOfMeasurePrice>
      <AllowDiscount>1</AllowDiscount>
      <ItemStatus>1</ItemStatus>
    </Item>
    <Item>
      <PriceUpdateDate>2018-11-19 07:49</PriceUpdateDate>
      <ItemCode>7290008693134</ItemCode>
      <ItemType>1</ItemType>
      <ItemName>דניאלה תות מוקצף5% 88גרם</ItemName>
      <ManufacturerName>שטראוס גרופ בע"\מ</ManufacturerName>
      <ManufactureCountry>IL</ManufactureCountry>
      <ManufacturerItemDescription>דניאלה תות מוקצף</ManufacturerItemDescription>
      <UnitQty>גרמים</UnitQty>
      <Quantity>88.00</Quantity>
      <bIsWeighted>0</bIsWeighted>
      <UnitOfMeasure>100 גרם</UnitOfMeasure>
      <QtyInPackage>0</QtyInPackage>
      <ItemPrice>4.30</ItemPrice>
      <UnitOfMeasurePrice>4.89</UnitOfMeasurePrice>
      <AllowDiscount>1</AllowDiscount>
      <ItemStatus>1</ItemStatus>
    </Item>
    <Item>
      <PriceUpdateDate>2018-12-14 12:00</PriceUpdateDate>
      <ItemCode>7290008757034</ItemCode>
      <ItemType>1</ItemType>
      <ItemName>שוופס סודה חד פעמי250מ"ל</ItemName>
      <ManufacturerName>יפאורה תבורי בעמ</ManufacturerName>
      <ManufactureCountry>IL</ManufactureCountry>
      <ManufacturerItemDescription>מי סודה</ManufacturerItemDescription>
      <UnitQty>מיליליטרים</UnitQty>
      <Quantity>250.00</Quantity>
      <bIsWeighted>0</bIsWeighted>
      <UnitOfMeasure>100 מ"ל</UnitOfMeasure>
      <QtyInPackage>0</QtyInPackage>
      <ItemPrice>4.30</ItemPrice>
      <UnitOfMeasurePrice>1.72</UnitOfMeasurePrice>
      <AllowDiscount>1</AllowDiscount>
      <ItemStatus>1</ItemStatus>
    </Item>
    <Item>
      <PriceUpdateDate>2023-02-07 10:09</PriceUpdateDate>
      <ItemCode>7290008801010</ItemCode>
      <ItemType>1</ItemType>
      <ItemName>קברנה מרלו P.C</ItemName>
      <ManufacturerName />
      <ManufactureCountry>IL</ManufactureCountry>
      <ManufacturerItemDescription>קברנה מרלו P.C</ManufacturerItemDescription>
      <UnitQty>מיליליטרים</UnitQty>
      <Quantity>750.00</Quantity>
      <bIsWeighted>0</bIsWeighted>
      <UnitOfMeasure>100 מ"ל</UnitOfMeasure>
      <QtyInPackage>0</QtyInPackage>
      <ItemPrice>37.90</ItemPrice>
      <UnitOfMeasurePrice>5.05</UnitOfMeasurePrice>
      <AllowDiscount>1</AllowDiscount>
      <ItemStatus>1</ItemStatus>
    </Item>
    <Item>
      <PriceUpdateDate>2022-05-13 11:26</PriceUpdateDate>
      <ItemCode>7290008801843</ItemCode>
      <ItemType>1</ItemType>
      <ItemName>קברנה סוביניון</ItemName>
      <ManufacturerName />
      <ManufactureCountry>IL</ManufactureCountry>
      <ManufacturerItemDescription>קברנה סוביניון</ManufacturerItemDescription>
      <UnitQty>מיליליטרים</UnitQty>
      <Quantity>750.00</Quantity>
      <bIsWeighted>0</bIsWeighted>
      <UnitOfMeasure>100 מ"ל</UnitOfMeasure>
      <QtyInPackage>0</QtyInPackage>
      <ItemPrice>32.90</ItemPrice>
      <UnitOfMeasurePrice>4.39</UnitOfMeasurePrice>
      <AllowDiscount>1</AllowDiscount>
      <ItemStatus>1</ItemStatus>
    </Item>
    <Item>
      <PriceUpdateDate>2023-02-07 10:09</PriceUpdateDate>
      <ItemCode>7290008802291</ItemCode>
      <ItemType>1</ItemType>
      <ItemName>מרלו P.C 750 מ"ל</ItemName>
      <ManufacturerName>אגודת הכורמים הקואופרטיב</ManufacturerName>
      <ManufactureCountry>IL</ManufactureCountry>
      <ManufacturerItemDescription>מרלו P.C</ManufacturerItemDescription>
      <UnitQty>מיליליטרים</UnitQty>
      <Quantity>750.00</Quantity>
      <bIsWeighted>0</bIsWeighted>
      <UnitOfMeasure>100 מ"ל</UnitOfMeasure>
      <QtyInPackage>0</QtyInPackage>
      <ItemPrice>37.90</ItemPrice>
      <UnitOfMeasurePrice>5.05</UnitOfMeasurePrice>
      <AllowDiscount>1</AllowDiscount>
      <ItemStatus>1</ItemStatus>
    </Item>
    <Item>
      <PriceUpdateDate>2023-02-07 10:09</PriceUpdateDate>
      <ItemCode>7290008802895</ItemCode>
      <ItemType>1</ItemType>
      <ItemName>קברנה סוביניוןP.C. 750מל</ItemName>
      <ManufacturerName>אגודת הכורמים הקאופורטיב</ManufacturerName>
      <ManufactureCountry>IL</ManufactureCountry>
      <ManufacturerItemDescription>קברנה סוביניון</ManufacturerItemDescription>
      <UnitQty>מיליליטרים</UnitQty>
      <Quantity>750.00</Quantity>
      <bIsWeighted>0</bIsWeighted>
      <UnitOfMeasure>100 מ"ל</UnitOfMeasure>
      <QtyInPackage>0</QtyInPackage>
      <ItemPrice>37.90</ItemPrice>
      <UnitOfMeasurePrice>5.05</UnitOfMeasurePrice>
      <AllowDiscount>1</AllowDiscount>
      <ItemStatus>1</ItemStatus>
    </Item>
    <Item>
      <PriceUpdateDate>2022-09-01 07:44</PriceUpdateDate>
      <ItemCode>7290008989169</ItemCode>
      <ItemType>1</ItemType>
      <ItemName>אורז תפוח</ItemName>
      <ManufacturerName />
      <ManufactureCountry>IL</ManufactureCountry>
      <ManufacturerItemDescription>אורז תפוח</ManufacturerItemDescription>
      <UnitQty>גרמים</UnitQty>
      <Quantity>500.00</Quantity>
      <bIsWeighted>0</bIsWeighted>
      <UnitOfMeasure>100 גרם</UnitOfMeasure>
      <QtyInPackage>0</QtyInPackage>
      <ItemPrice>21.90</ItemPrice>
      <UnitOfMeasurePrice>4.38</UnitOfMeasurePrice>
      <AllowDiscount>1</AllowDiscount>
      <ItemStatus>1</ItemStatus>
    </Item>
    <Item>
      <PriceUpdateDate>2022-06-20 09:24</PriceUpdateDate>
      <ItemCode>7290009105162</ItemCode>
      <ItemType>0</ItemType>
      <ItemName>זוג נתחי סלמון ללא עור</ItemName>
      <ManufacturerName>ויליגר</ManufacturerName>
      <ManufactureCountry>IL</ManufactureCountry>
      <ManufacturerItemDescription>זוג נתחי סלמון ל</ManufacturerItemDescription>
      <UnitQty>קילוגרמים</UnitQty>
      <Quantity>0.00</Quantity>
      <bIsWeighted>1</bIsWeighted>
      <UnitOfMeasure>ק"ג</UnitOfMeasure>
      <QtyInPackage>0</QtyInPackage>
      <ItemPrice>99.90</ItemPrice>
      <UnitOfMeasurePrice>99.90</UnitOfMeasurePrice>
      <AllowDiscount>1</AllowDiscount>
      <ItemStatus>1</ItemStatus>
    </Item>
    <Item>
      <PriceUpdateDate>2023-01-03 11:30</PriceUpdateDate>
      <ItemCode>7290009397642</ItemCode>
      <ItemType>0</ItemType>
      <ItemName>חמישיית מאפין שוקו 200גר</ItemName>
      <ManufacturerName>---</ManufacturerName>
      <ManufactureCountry>IL</ManufactureCountry>
      <ManufacturerItemDescription>חמישיית מאפין</ManufacturerItemDescription>
      <UnitQty>גרמים</UnitQty>
      <Quantity>5.00</Quantity>
      <bIsWeighted>0</bIsWeighted>
      <UnitOfMeasure>100 גרם</UnitOfMeasure>
      <QtyInPackage>0</QtyInPackage>
      <ItemPrice>11.90</ItemPrice>
      <UnitOfMeasurePrice>238.00</UnitOfMeasurePrice>
      <AllowDiscount>1</AllowDiscount>
      <ItemStatus>1</ItemStatus>
    </Item>
    <Item>
      <PriceUpdateDate>2023-01-03 11:30</PriceUpdateDate>
      <ItemCode>7290009397697</ItemCode>
      <ItemType>0</ItemType>
      <ItemName>מאפין שוקו צ'יפס5יח200'ג</ItemName>
      <ManufacturerName>---</ManufacturerName>
      <ManufactureCountry>IL</ManufactureCountry>
      <ManufacturerItemDescription>חמישיית מאפין</ManufacturerItemDescription>
      <UnitQty>גרמים</UnitQty>
      <Quantity>5.00</Quantity>
      <bIsWeighted>0</bIsWeighted>
      <UnitOfMeasure>100 גרם</UnitOfMeasure>
      <QtyInPackage>0</QtyInPackage>
      <ItemPrice>11.90</ItemPrice>
      <UnitOfMeasurePrice>238.00</UnitOfMeasurePrice>
      <AllowDiscount>1</AllowDiscount>
      <ItemStatus>1</ItemStatus>
    </Item>
    <Item>
      <PriceUpdateDate>2023-03-31 07:49</PriceUpdateDate>
      <ItemCode>7290009950106</ItemCode>
      <ItemType>0</ItemType>
      <ItemName>משקה אנרגיה250מל</ItemName>
      <ManufacturerName />
      <ManufactureCountry />
      <ManufacturerItemDescription>משקה אנרגיה250מל</ManufacturerItemDescription>
      <UnitQty>מיליליטרים</UnitQty>
      <Quantity>250.00</Quantity>
      <bIsWeighted>0</bIsWeighted>
      <UnitOfMeasure>100 מ"ל</UnitOfMeasure>
      <QtyInPackage>0</QtyInPackage>
      <ItemPrice>5.60</ItemPrice>
      <UnitOfMeasurePrice>2.24</UnitOfMeasurePrice>
      <AllowDiscount>1</AllowDiscount>
      <ItemStatus>1</ItemStatus>
    </Item>
    <Item>
      <PriceUpdateDate>2023-01-03 11:30</PriceUpdateDate>
      <ItemCode>7290009951899</ItemCode>
      <ItemType>0</ItemType>
      <ItemName>מאפה מלוח משקל</ItemName>
      <ManufacturerName>גידרון</ManufacturerName>
      <ManufactureCountry>IL</ManufactureCountry>
      <ManufacturerItemDescription>מאפה מלוח חלבי</ManufacturerItemDescription>
      <UnitQty>קילוגרמים</UnitQty>
      <Quantity>0.00</Quantity>
      <bIsWeighted>1</bIsWeighted>
      <UnitOfMeasure>ק"ג</UnitOfMeasure>
      <QtyInPackage>0</QtyInPackage>
      <ItemPrice>45.00</ItemPrice>
      <UnitOfMeasurePrice>45.00</UnitOfMeasurePrice>
      <AllowDiscount>1</AllowDiscount>
      <ItemStatus>1</ItemStatus>
    </Item>
    <Item>
      <PriceUpdateDate>2023-01-03 11:30</PriceUpdateDate>
      <ItemCode>7290009951912</ItemCode>
      <ItemType>0</ItemType>
      <ItemName>מאפה מתוק משקל</ItemName>
      <ManufacturerName>גידרון</ManufacturerName>
      <ManufactureCountry>IL</ManufactureCountry>
      <ManufacturerItemDescription>מאפה מתוק</ManufacturerItemDescription>
      <UnitQty>קילוגרמים</UnitQty>
      <Quantity>0.00</Quantity>
      <bIsWeighted>1</bIsWeighted>
      <UnitOfMeasure>ק"ג</UnitOfMeasure>
      <QtyInPackage>0</QtyInPackage>
      <ItemPrice>45.00</ItemPrice>
      <UnitOfMeasurePrice>45.00</UnitOfMeasurePrice>
      <AllowDiscount>1</AllowDiscount>
      <ItemStatus>1</ItemStatus>
    </Item>
    <Item>
      <PriceUpdateDate>2023-01-03 11:30</PriceUpdateDate>
      <ItemCode>7290009952308</ItemCode>
      <ItemType>0</ItemType>
      <ItemName>מארז 4יח לחמניית דגנים י</ItemName>
      <ManufacturerName>גידרון</ManufacturerName>
      <ManufactureCountry>IL</ManufactureCountry>
      <ManufacturerItemDescription>לחמניה דגנים 4יח</ManufacturerItemDescription>
      <UnitQty>יחידה</UnitQty>
      <Quantity>1.00</Quantity>
      <bIsWeighted>0</bIsWeighted>
      <UnitOfMeasure>יחידה</UnitOfMeasure>
      <QtyInPackage>0</QtyInPackage>
      <ItemPrice>14.90</ItemPrice>
      <UnitOfMeasurePrice>14.90</UnitOfMeasurePrice>
      <AllowDiscount>1</AllowDiscount>
      <ItemStatus>1</ItemStatus>
    </Item>
    <Item>
      <PriceUpdateDate>2023-01-03 11:30</PriceUpdateDate>
      <ItemCode>7290009952339</ItemCode>
      <ItemType>0</ItemType>
      <ItemName>מארז8 לחמניות אצבע יח</ItemName>
      <ManufacturerName>גידרון</ManufacturerName>
      <ManufactureCountry>IL</ManufactureCountry>
      <ManufacturerItemDescription>לחמניה אצבע 8יח</ManufacturerItemDescription>
      <UnitQty>יחידה</UnitQty>
      <Quantity>1.00</Quantity>
      <bIsWeighted>0</bIsWeighted>
      <UnitOfMeasure>יחידה</UnitOfMeasure>
      <QtyInPackage>0</QtyInPackage>
      <ItemPrice>12.50</ItemPrice>
      <UnitOfMeasurePrice>12.50</UnitOfMeasurePrice>
      <AllowDiscount>1</AllowDiscount>
      <ItemStatus>1</ItemStatus>
    </Item>
    <Item>
      <PriceUpdateDate>2023-01-03 11:30</PriceUpdateDate>
      <ItemCode>7290009952346</ItemCode>
      <ItemType>0</ItemType>
      <ItemName>מארז לחמניית חלה 4יח</ItemName>
      <ManufacturerName>גידרון</ManufacturerName>
      <ManufactureCountry>IL</ManufactureCountry>
      <ManufacturerItemDescription>לחמניה חלה 4יח</ManufacturerItemDescription>
      <UnitQty>יחידה</UnitQty>
      <Quantity>1.00</Quantity>
      <bIsWeighted>0</bIsWeighted>
      <UnitOfMeasure>יחידה</UnitOfMeasure>
      <QtyInPackage>0</QtyInPackage>
      <ItemPrice>14.90</ItemPrice>
      <UnitOfMeasurePrice>14.90</UnitOfMeasurePrice>
      <AllowDiscount>1</AllowDiscount>
      <ItemStatus>1</ItemStatus>
    </Item>
    <Item>
      <PriceUpdateDate>2023-03-31 07:49</PriceUpdateDate>
      <ItemCode>7290009952674</ItemCode>
      <ItemType>0</ItemType>
      <ItemName>משקה מצונן 330 מ"ל</ItemName>
      <ManufacturerName>כללי</ManufacturerName>
      <ManufactureCountry>IL</ManufactureCountry>
      <ManufacturerItemDescription>משקה מצונן330מל</ManufacturerItemDescription>
      <UnitQty>מיליליטרים</UnitQty>
      <Quantity>330.00</Quantity>
      <bIsWeighted>0</bIsWeighted>
      <UnitOfMeasure>100 מ"ל</UnitOfMeasure>
      <QtyInPackage>0</QtyInPackage>
      <ItemPrice>6.20</ItemPrice>
      <UnitOfMeasurePrice>1.88</UnitOfMeasurePrice>
      <AllowDiscount>1</AllowDiscount>
      <ItemStatus>1</ItemStatus>
    </Item>
    <Item>
      <PriceUpdateDate>2023-03-31 07:49</PriceUpdateDate>
      <ItemCode>7290009952698</ItemCode>
      <ItemType>0</ItemType>
      <ItemName>משקה מצונן 250 מ"ל</ItemName>
      <ManufacturerName>כללי</ManufacturerName>
      <ManufactureCountry>IL</ManufactureCountry>
      <ManufacturerItemDescription>משקה מצונן250מל</ManufacturerItemDescription>
      <UnitQty>מיליליטרים</UnitQty>
      <Quantity>250.00</Quantity>
      <bIsWeighted>0</bIsWeighted>
      <UnitOfMeasure>100 מ"ל</UnitOfMeasure>
      <QtyInPackage>0</QtyInPackage>
      <ItemPrice>6.10</ItemPrice>
      <UnitOfMeasurePrice>2.44</UnitOfMeasurePrice>
      <AllowDiscount>1</AllowDiscount>
      <ItemStatus>1</ItemStatus>
    </Item>
    <Item>
      <PriceUpdateDate>2019-10-24 06:23</PriceUpdateDate>
      <ItemCode>7290009952896</ItemCode>
      <ItemType>0</ItemType>
      <ItemName>בירה מצונן ב.חוז</ItemName>
      <ManufacturerName />
      <ManufactureCountry />
      <ManufacturerItemDescription>בירה מצונן ב.חוז</ManufacturerItemDescription>
      <UnitQty>מיליליטרים</UnitQty>
      <Quantity>500.00</Quantity>
      <bIsWeighted>0</bIsWeighted>
      <UnitOfMeasure>100 מ"ל</UnitOfMeasure>
      <QtyInPackage>0</QtyInPackage>
      <ItemPrice>13.90</ItemPrice>
      <UnitOfMeasurePrice>2.78</UnitOfMeasurePrice>
      <AllowDiscount>1</AllowDiscount>
      <ItemStatus>1</ItemStatus>
    </Item>
    <Item>
      <PriceUpdateDate>2023-03-31 07:49</PriceUpdateDate>
      <ItemCode>7290009955019</ItemCode>
      <ItemType>0</ItemType>
      <ItemName>משקה מצונן 1.5ל</ItemName>
      <ManufacturerName />
      <ManufactureCountry>IL</ManufactureCountry>
      <ManufacturerItemDescription>משקה מצונן 1.5ל</ManufacturerItemDescription>
      <UnitQty>ליטרים</UnitQty>
      <Quantity>1.50</Quantity>
      <bIsWeighted>0</bIsWeighted>
      <UnitOfMeasure>ליטר</UnitOfMeasure>
      <QtyInPackage>0</QtyInPackage>
      <ItemPrice>10.70</ItemPrice>
      <UnitOfMeasurePrice>7.13</UnitOfMeasurePrice>
      <AllowDiscount>1</AllowDiscount>
      <ItemStatus>1</ItemStatus>
    </Item>
    <Item>
      <PriceUpdateDate>2023-01-27 05:35</PriceUpdateDate>
      <ItemCode>7290010118328</ItemCode>
      <ItemType>1</ItemType>
      <ItemName>מארז תפוצ'יפס 6 * 40 גרם</ItemName>
      <ManufacturerName>עלית</ManufacturerName>
      <ManufactureCountry>IL</ManufactureCountry>
      <ManufacturerItemDescription>מארז תפוצ'יפס</ManufacturerItemDescription>
      <UnitQty>גרמים</UnitQty>
      <Quantity>240.00</Quantity>
      <bIsWeighted>0</bIsWeighted>
      <UnitOfMeasure>100 גרם</UnitOfMeasure>
      <QtyInPackage>0</QtyInPackage>
      <ItemPrice>14.90</ItemPrice>
      <UnitOfMeasurePrice>6.21</UnitOfMeasurePrice>
      <AllowDiscount>1</AllowDiscount>
      <ItemStatus>1</ItemStatus>
    </Item>
    <Item>
      <PriceUpdateDate>2021-11-30 06:33</PriceUpdateDate>
      <ItemCode>7290010259823</ItemCode>
      <ItemType>1</ItemType>
      <ItemName>מנת השף נודלס</ItemName>
      <ManufacturerName />
      <ManufactureCountry>TH</ManufactureCountry>
      <ManufacturerItemDescription>מנת השף נודלס</ManufacturerItemDescription>
      <UnitQty>גרמים</UnitQty>
      <Quantity>70.00</Quantity>
      <bIsWeighted>0</bIsWeighted>
      <UnitOfMeasure>100 גרם</UnitOfMeasure>
      <QtyInPackage>0</QtyInPackage>
      <ItemPrice>5.90</ItemPrice>
      <UnitOfMeasurePrice>8.43</UnitOfMeasurePrice>
      <AllowDiscount>1</AllowDiscount>
      <ItemStatus>1</ItemStatus>
    </Item>
    <Item>
      <PriceUpdateDate>2021-11-30 06:33</PriceUpdateDate>
      <ItemCode>7290010259830</ItemCode>
      <ItemType>1</ItemType>
      <ItemName>מנת השף נודלס</ItemName>
      <ManufacturerName />
      <ManufactureCountry>TH</ManufactureCountry>
      <ManufacturerItemDescription>מנת השף נודלס</ManufacturerItemDescription>
      <UnitQty>גרמים</UnitQty>
      <Quantity>70.00</Quantity>
      <bIsWeighted>0</bIsWeighted>
      <UnitOfMeasure>100 גרם</UnitOfMeasure>
      <QtyInPackage>0</QtyInPackage>
      <ItemPrice>5.90</ItemPrice>
      <UnitOfMeasurePrice>8.43</UnitOfMeasurePrice>
      <AllowDiscount>1</AllowDiscount>
      <ItemStatus>1</ItemStatus>
    </Item>
    <Item>
      <PriceUpdateDate>2021-11-30 06:33</PriceUpdateDate>
      <ItemCode>7290010259854</ItemCode>
      <ItemType>1</ItemType>
      <ItemName>מנת השף נודלס</ItemName>
      <ManufacturerName />
      <ManufactureCountry>TH</ManufactureCountry>
      <ManufacturerItemDescription>מנת השף נודלס</ManufacturerItemDescription>
      <UnitQty>גרמים</UnitQty>
      <Quantity>70.00</Quantity>
      <bIsWeighted>0</bIsWeighted>
      <UnitOfMeasure>100 גרם</UnitOfMeasure>
      <QtyInPackage>0</QtyInPackage>
      <ItemPrice>5.90</ItemPrice>
      <UnitOfMeasurePrice>8.43</UnitOfMeasurePrice>
      <AllowDiscount>1</AllowDiscount>
      <ItemStatus>1</ItemStatus>
    </Item>
    <Item>
      <PriceUpdateDate>2022-12-21 09:42</PriceUpdateDate>
      <ItemCode>7290010471669</ItemCode>
      <ItemType>1</ItemType>
      <ItemName>דנונה בר תות קורנפ175.גר</ItemName>
      <ManufacturerName>שטראוס בריאות בע"\מ</ManufacturerName>
      <ManufactureCountry>IL</ManufactureCountry>
      <ManufacturerItemDescription>דנונה בר תות</ManufacturerItemDescription>
      <UnitQty>גרמים</UnitQty>
      <Quantity>175.00</Quantity>
      <bIsWeighted>0</bIsWeighted>
      <UnitOfMeasure>100 גרם</UnitOfMeasure>
      <QtyInPackage>0</QtyInPackage>
      <ItemPrice>5.10</ItemPrice>
      <UnitOfMeasurePrice>2.91</UnitOfMeasurePrice>
      <AllowDiscount>1</AllowDiscount>
      <ItemStatus>1</ItemStatus>
    </Item>
    <Item>
      <PriceUpdateDate>2018-11-19 07:51</PriceUpdateDate>
      <ItemCode>7290010627004</ItemCode>
      <ItemType>1</ItemType>
      <ItemName>טחינה ירושלים 500 גרם</ItemName>
      <ManufacturerName>טחינה ירושלים בע"מ</ManufacturerName>
      <ManufactureCountry>IL</ManufactureCountry>
      <ManufacturerItemDescription>טחינה ירושלים</ManufacturerItemDescription>
      <UnitQty>גרמים</UnitQty>
      <Quantity>500.00</Quantity>
      <bIsWeighted>0</bIsWeighted>
      <UnitOfMeasure>100 גרם</UnitOfMeasure>
      <QtyInPackage>0</QtyInPackage>
      <ItemPrice>16.90</ItemPrice>
      <UnitOfMeasurePrice>3.38</UnitOfMeasurePrice>
      <AllowDiscount>1</AllowDiscount>
      <ItemStatus>1</ItemStatus>
    </Item>
    <Item>
      <PriceUpdateDate>2022-12-09 01:30</PriceUpdateDate>
      <ItemCode>7290010814244</ItemCode>
      <ItemType>1</ItemType>
      <ItemName>שוקולד מריר 44% 85*3גרם</ItemName>
      <ManufacturerName>כרמית תעשיות ממתקים בע"\</ManufacturerName>
      <ManufactureCountry>IL</ManufactureCountry>
      <ManufacturerItemDescription>שוקולד מריר 44%</ManufacturerItemDescription>
      <UnitQty>גרמים</UnitQty>
      <Quantity>255.00</Quantity>
      <bIsWeighted>0</bIsWeighted>
      <UnitOfMeasure>100 גרם</UnitOfMeasure>
      <QtyInPackage>0</QtyInPackage>
      <ItemPrice>11.90</ItemPrice>
      <UnitOfMeasurePrice>4.67</UnitOfMeasurePrice>
      <AllowDiscount>1</AllowDiscount>
      <ItemStatus>1</ItemStatus>
    </Item>
    <Item>
      <PriceUpdateDate>2023-03-31 07:49</PriceUpdateDate>
      <ItemCode>7290011017873</ItemCode>
      <ItemType>1</ItemType>
      <ItemName>פחית קוקה קולה זירו330מל</ItemName>
      <ManufacturerName>החברה המרכזית לייצור משק</ManufacturerName>
      <ManufactureCountry>IL</ManufactureCountry>
      <ManufacturerItemDescription>קולה זירו</ManufacturerItemDescription>
      <UnitQty>מיליליטרים</UnitQty>
      <Quantity>330.00</Quantity>
      <bIsWeighted>0</bIsWeighted>
      <UnitOfMeasure>100 מ"ל</UnitOfMeasure>
      <QtyInPackage>0</QtyInPackage>
      <ItemPrice>5.10</ItemPrice>
      <UnitOfMeasurePrice>1.55</UnitOfMeasurePrice>
      <AllowDiscount>1</AllowDiscount>
      <ItemStatus>1</ItemStatus>
    </Item>
    <Item>
      <PriceUpdateDate>2023-03-31 07:49</PriceUpdateDate>
      <ItemCode>7290011018917</ItemCode>
      <ItemType>1</ItemType>
      <ItemName>קוקה קולה זירו 330*6 מ"ל</ItemName>
      <ManufacturerName>החברה המרכזית לייצור משק</ManufacturerName>
      <ManufactureCountry>IL</ManufactureCountry>
      <ManufacturerItemDescription>קוקה קולה זירו6י</ManufacturerItemDescription>
      <UnitQty>ליטרים</UnitQty>
      <Quantity>1.98</Quantity>
      <bIsWeighted>0</bIsWeighted>
      <UnitOfMeasure>ליטר</UnitOfMeasure>
      <QtyInPackage>0</QtyInPackage>
      <ItemPrice>23.10</ItemPrice>
      <UnitOfMeasurePrice>11.67</UnitOfMeasurePrice>
      <AllowDiscount>1</AllowDiscount>
      <ItemStatus>1</ItemStatus>
    </Item>
    <Item>
      <PriceUpdateDate>2018-11-19 07:51</PriceUpdateDate>
      <ItemCode>7290011131395</ItemCode>
      <ItemType>1</ItemType>
      <ItemName>מוזלי 30% פירות גרין 1קג</ItemName>
      <ManufacturerName>וויטליה</ManufacturerName>
      <ManufactureCountry>MK</ManufactureCountry>
      <ManufacturerItemDescription>מוזלי 30% פירות</ManufacturerItemDescription>
      <UnitQty>קילוגרמים</UnitQty>
      <Quantity>1.00</Quantity>
      <bIsWeighted>0</bIsWeighted>
      <UnitOfMeasure>ק"ג</UnitOfMeasure>
      <QtyInPackage>0</QtyInPackage>
      <ItemPrice>28.90</ItemPrice>
      <UnitOfMeasurePrice>28.90</UnitOfMeasurePrice>
      <AllowDiscount>1</AllowDiscount>
      <ItemStatus>1</ItemStatus>
    </Item>
    <Item>
      <PriceUpdateDate>2023-01-24 12:31</PriceUpdateDate>
      <ItemCode>7290011131968</ItemCode>
      <ItemType>1</ItemType>
      <ItemName>גרנולה אגוזים 1 ק"ג</ItemName>
      <ManufacturerName>וויטליה</ManufacturerName>
      <ManufactureCountry>MK</ManufactureCountry>
      <ManufacturerItemDescription>גרנולה אגוזים</ManufacturerItemDescription>
      <UnitQty>קילוגרמים</UnitQty>
      <Quantity>1.00</Quantity>
      <bIsWeighted>0</bIsWeighted>
      <UnitOfMeasure>ק"ג</UnitOfMeasure>
      <QtyInPackage>0</QtyInPackage>
      <ItemPrice>23.90</ItemPrice>
      <UnitOfMeasurePrice>23.90</UnitOfMeasurePrice>
      <AllowDiscount>1</AllowDiscount>
      <ItemStatus>1</ItemStatus>
    </Item>
    <Item>
      <PriceUpdateDate>2022-01-30 08:52</PriceUpdateDate>
      <ItemCode>7290011148935</ItemCode>
      <ItemType>1</ItemType>
      <ItemName>מלפפון בייבי</ItemName>
      <ManufacturerName>קטיף.</ManufacturerName>
      <ManufactureCountry>IL</ManufactureCountry>
      <ManufacturerItemDescription>מלפפון בייבי</ManufacturerItemDescription>
      <UnitQty>גרמים</UnitQty>
      <Quantity>350.00</Quantity>
      <bIsWeighted>0</bIsWeighted>
      <UnitOfMeasure>100 גרם</UnitOfMeasure>
      <QtyInPackage>0</QtyInPackage>
      <ItemPrice>10.90</ItemPrice>
      <UnitOfMeasurePrice>3.11</UnitOfMeasurePrice>
      <AllowDiscount>1</AllowDiscount>
      <ItemStatus>1</ItemStatus>
    </Item>
    <Item>
      <PriceUpdateDate>2023-03-31 07:49</PriceUpdateDate>
      <ItemCode>7290011154035</ItemCode>
      <ItemType>1</ItemType>
      <ItemName>תרכיז תפוחים סחוט 500מ"ל</ItemName>
      <ManufacturerName>---</ManufacturerName>
      <ManufactureCountry>IL</ManufactureCountry>
      <ManufacturerItemDescription>תרכיז תפוחים</ManufacturerItemDescription>
      <UnitQty>מיליליטרים</UnitQty>
      <Quantity>500.00</Quantity>
      <bIsWeighted>0</bIsWeighted>
      <UnitOfMeasure>100 מ"ל</UnitOfMeasure>
      <QtyInPackage>1</QtyInPackage>
      <ItemPrice>17.70</ItemPrice>
      <UnitOfMeasurePrice>3.54</UnitOfMeasurePrice>
      <AllowDiscount>1</AllowDiscount>
      <ItemStatus>1</ItemStatus>
    </Item>
    <Item>
      <PriceUpdateDate>2023-03-31 07:49</PriceUpdateDate>
      <ItemCode>7290011154080</ItemCode>
      <ItemType>1</ItemType>
      <ItemName>תרכיז תפוחים צלול 500מ"ל</ItemName>
      <ManufacturerName>---</ManufacturerName>
      <ManufactureCountry>IL</ManufactureCountry>
      <ManufacturerItemDescription>תרכיז תפוחים</ManufacturerItemDescription>
      <UnitQty>מיליליטרים</UnitQty>
      <Quantity>500.00</Quantity>
      <bIsWeighted>0</bIsWeighted>
      <UnitOfMeasure>100 מ"ל</UnitOfMeasure>
      <QtyInPackage>0</QtyInPackage>
      <ItemPrice>17.70</ItemPrice>
      <UnitOfMeasurePrice>3.54</UnitOfMeasurePrice>
      <AllowDiscount>1</AllowDiscount>
      <ItemStatus>1</ItemStatus>
    </Item>
    <Item>
      <PriceUpdateDate>2022-07-11 12:46</PriceUpdateDate>
      <ItemCode>7290011194246</ItemCode>
      <ItemType>1</ItemType>
      <ItemName>קוטג' 5% שומן 250 גרם</ItemName>
      <ManufacturerName>שטראוס בריאות בע"\מ</ManufacturerName>
      <ManufactureCountry>IL</ManufactureCountry>
      <ManufacturerItemDescription>קוטג' 5% שומן</ManufacturerItemDescription>
      <UnitQty>גרמים</UnitQty>
      <Quantity>250.00</Quantity>
      <bIsWeighted>0</bIsWeighted>
      <UnitOfMeasure>100 גרם</UnitOfMeasure>
      <QtyInPackage>0</QtyInPackage>
      <ItemPrice>6.00</ItemPrice>
      <UnitOfMeasurePrice>2.40</UnitOfMeasurePrice>
      <AllowDiscount>1</AllowDiscount>
      <ItemStatus>1</ItemStatus>
    </Item>
    <Item>
      <PriceUpdateDate>2018-11-19 07:51</PriceUpdateDate>
      <ItemCode>7290011215934</ItemCode>
      <ItemType>1</ItemType>
      <ItemName>תערובת עוגת שוק.כשלפ500ג</ItemName>
      <ManufacturerName>ג'נרל מילס</ManufacturerName>
      <ManufactureCountry>IL</ManufactureCountry>
      <ManufacturerItemDescription>תערובת לעוגה</ManufacturerItemDescription>
      <UnitQty>גרמים</UnitQty>
      <Quantity>500.00</Quantity>
      <bIsWeighted>0</bIsWeighted>
      <UnitOfMeasure>100 גרם</UnitOfMeasure>
      <QtyInPackage>0</QtyInPackage>
      <ItemPrice>17.90</ItemPrice>
      <UnitOfMeasurePrice>3.58</UnitOfMeasurePrice>
      <AllowDiscount>1</AllowDiscount>
      <ItemStatus>1</ItemStatus>
    </Item>
    <Item>
      <PriceUpdateDate>2019-06-11 07:43</PriceUpdateDate>
      <ItemCode>7290011447304</ItemCode>
      <ItemType>1</ItemType>
      <ItemName>מטרנה חלבי שלב 3 700ג</ItemName>
      <ManufacturerName>מטרנה תעשיות ש.מ</ManufacturerName>
      <ManufactureCountry>IL</ManufactureCountry>
      <ManufacturerItemDescription>מטרנה חלבי שלב 3</ManufacturerItemDescription>
      <UnitQty>גרמים</UnitQty>
      <Quantity>700.00</Quantity>
      <bIsWeighted>0</bIsWeighted>
      <UnitOfMeasure>100 גרם</UnitOfMeasure>
      <QtyInPackage>0</QtyInPackage>
      <ItemPrice>51.90</ItemPrice>
      <UnitOfMeasurePrice>7.41</UnitOfMeasurePrice>
      <AllowDiscount>1</AllowDiscount>
      <ItemStatus>1</ItemStatus>
    </Item>
    <Item>
      <PriceUpdateDate>2022-12-09 06:38</PriceUpdateDate>
      <ItemCode>7290011499129</ItemCode>
      <ItemType>1</ItemType>
      <ItemName>קוב.בולג.מעודנת 5% 200ג</ItemName>
      <ManufacturerName>קוד יצרן DSH</ManufacturerName>
      <ManufactureCountry>IL</ManufactureCountry>
      <ManufacturerItemDescription>קוביות בולגרית</ManufacturerItemDescription>
      <UnitQty>גרמים</UnitQty>
      <Quantity>200.00</Quantity>
      <bIsWeighted>0</bIsWeighted>
      <UnitOfMeasure>100 גרם</UnitOfMeasure>
      <QtyInPackage>0</QtyInPackage>
      <ItemPrice>25.30</ItemPrice>
      <UnitOfMeasurePrice>12.65</UnitOfMeasurePrice>
      <AllowDiscount>1</AllowDiscount>
      <ItemStatus>1</ItemStatus>
    </Item>
    <Item>
      <PriceUpdateDate>2023-01-09 15:44</PriceUpdateDate>
      <ItemCode>7290011499365</ItemCode>
      <ItemType>1</ItemType>
      <ItemName>חלומי גד גב.קשה 24% 200ג</ItemName>
      <ManufacturerName>מחלבות גד בע"\מ</ManufacturerName>
      <ManufactureCountry>IL</ManufactureCountry>
      <ManufacturerItemDescription>חלומי גד 24%</ManufacturerItemDescription>
      <UnitQty>גרמים</UnitQty>
      <Quantity>200.00</Quantity>
      <bIsWeighted>0</bIsWeighted>
      <UnitOfMeasure>100 גרם</UnitOfMeasure>
      <QtyInPackage>0</QtyInPackage>
      <ItemPrice>23.50</ItemPrice>
      <UnitOfMeasurePrice>11.75</UnitOfMeasurePrice>
      <AllowDiscount>1</AllowDiscount>
      <ItemStatus>1</ItemStatus>
    </Item>
    <Item>
      <PriceUpdateDate>2018-11-19 07:51</PriceUpdateDate>
      <ItemCode>7290011587598</ItemCode>
      <ItemType>1</ItemType>
      <ItemName>פילה אנשובי 45 גרם</ItemName>
      <ManufacturerName>אינוורסינס פריסקו</ManufacturerName>
      <ManufactureCountry>PE</ManufactureCountry>
      <ManufacturerItemDescription>פילה אנשובי</ManufacturerItemDescription>
      <UnitQty>גרמים</UnitQty>
      <Quantity>45.00</Quantity>
      <bIsWeighted>0</bIsWeighted>
      <UnitOfMeasure>100 גרם</UnitOfMeasure>
      <QtyInPackage>0</QtyInPackage>
      <ItemPrice>7.90</ItemPrice>
      <UnitOfMeasurePrice>17.56</UnitOfMeasurePrice>
      <AllowDiscount>1</AllowDiscount>
      <ItemStatus>1</ItemStatus>
    </Item>
    <Item>
      <PriceUpdateDate>2018-11-19 07:53</PriceUpdateDate>
      <ItemCode>7290011598211</ItemCode>
      <ItemType>1</ItemType>
      <ItemName>סנו אנטי קאלק נ.כללי700מ</ItemName>
      <ManufacturerName>סנו מפעלי ברונוס בעמ</ManufacturerName>
      <ManufactureCountry>IL</ManufactureCountry>
      <ManufacturerItemDescription>סנו אנטי קאלק</ManufacturerItemDescription>
      <UnitQty>מיליליטרים</UnitQty>
      <Quantity>700.00</Quantity>
      <bIsWeighted>0</bIsWeighted>
      <UnitOfMeasure>100 מ"ל</UnitOfMeasure>
      <QtyInPackage>0</QtyInPackage>
      <ItemPrice>19.90</ItemPrice>
      <UnitOfMeasurePrice>2.84</UnitOfMeasurePrice>
      <AllowDiscount>1</AllowDiscount>
      <ItemStatus>1</ItemStatus>
    </Item>
    <Item>
      <PriceUpdateDate>2022-09-01 07:44</PriceUpdateDate>
      <ItemCode>7290012019258</ItemCode>
      <ItemType>1</ItemType>
      <ItemName>רסק תפו"ע 4 * 113 גרם</ItemName>
      <ManufacturerName>אינדיאן סאמר קו אופ אינק</ManufacturerName>
      <ManufactureCountry>US</ManufactureCountry>
      <ManufacturerItemDescription>רסק תפו"ע 4 יח</ManufacturerItemDescription>
      <UnitQty>גרמים</UnitQty>
      <Quantity>452.00</Quantity>
      <bIsWeighted>0</bIsWeighted>
      <UnitOfMeasure>100 גרם</UnitOfMeasure>
      <QtyInPackage>0</QtyInPackage>
      <ItemPrice>11.90</ItemPrice>
      <UnitOfMeasurePrice>2.63</UnitOfMeasurePrice>
      <AllowDiscount>1</AllowDiscount>
      <ItemStatus>1</ItemStatus>
    </Item>
    <Item>
      <PriceUpdateDate>2023-01-19 18:58</PriceUpdateDate>
      <ItemCode>7290012117558</ItemCode>
      <ItemType>1</ItemType>
      <ItemName>מרכ.מקסימה ס.מרוכז מסק1ל</ItemName>
      <ManufacturerName>סנו מפעלי ברונוס בע"\מ</ManufacturerName>
      <ManufactureCountry>IL</ManufactureCountry>
      <ManufacturerItemDescription>מקסימה ס.מרוכז</ManufacturerItemDescription>
      <UnitQty>ליטרים</UnitQty>
      <Quantity>1.00</Quantity>
      <bIsWeighted>0</bIsWeighted>
      <UnitOfMeasure>ליטר</UnitOfMeasure>
      <QtyInPackage>0</QtyInPackage>
      <ItemPrice>19.90</ItemPrice>
      <UnitOfMeasurePrice>19.90</UnitOfMeasurePrice>
      <AllowDiscount>1</AllowDiscount>
      <ItemStatus>1</ItemStatus>
    </Item>
    <Item>
      <PriceUpdateDate>2023-01-19 18:58</PriceUpdateDate>
      <ItemCode>7290012226120</ItemCode>
      <ItemType>1</ItemType>
      <ItemName>קבנוס 135 גרם</ItemName>
      <ManufacturerName>זוגלובק</ManufacturerName>
      <ManufactureCountry>IL</ManufactureCountry>
      <ManufacturerItemDescription>קבנוס</ManufacturerItemDescription>
      <UnitQty>גרמים</UnitQty>
      <Quantity>135.00</Quantity>
      <bIsWeighted>0</bIsWeighted>
      <UnitOfMeasure>100 גרם</UnitOfMeasure>
      <QtyInPackage>0</QtyInPackage>
      <ItemPrice>14.50</ItemPrice>
      <UnitOfMeasurePrice>10.74</UnitOfMeasurePrice>
      <AllowDiscount>1</AllowDiscount>
      <ItemStatus>1</ItemStatus>
    </Item>
    <Item>
      <PriceUpdateDate>2023-01-19 18:58</PriceUpdateDate>
      <ItemCode>7290012227974</ItemCode>
      <ItemType>1</ItemType>
      <ItemName>פסטרמה בדבש דק דק דק</ItemName>
      <ManufacturerName>זוגלובק</ManufacturerName>
      <ManufactureCountry>IL</ManufactureCountry>
      <ManufacturerItemDescription>פסטרמה בדבש דק</ManufacturerItemDescription>
      <UnitQty>גרמים</UnitQty>
      <Quantity>120.00</Quantity>
      <bIsWeighted>0</bIsWeighted>
      <UnitOfMeasure>100 גרם</UnitOfMeasure>
      <QtyInPackage>1</QtyInPackage>
      <ItemPrice>15.90</ItemPrice>
      <UnitOfMeasurePrice>13.25</UnitOfMeasurePrice>
      <AllowDiscount>1</AllowDiscount>
      <ItemStatus>1</ItemStatus>
    </Item>
    <Item>
      <PriceUpdateDate>2021-06-08 09:17</PriceUpdateDate>
      <ItemCode>7290012367700</ItemCode>
      <ItemType>1</ItemType>
      <ItemName>ק.גוף אפקטיב קר שיבול700</ItemName>
      <ManufacturerName>פישר מעבדות פרמצבטיות בע</ManufacturerName>
      <ManufactureCountry>IL</ManufactureCountry>
      <ManufacturerItemDescription>קרם גוף</ManufacturerItemDescription>
      <UnitQty>מיליליטרים</UnitQty>
      <Quantity>700.00</Quantity>
      <bIsWeighted>0</bIsWeighted>
      <UnitOfMeasure>100 מ"ל</UnitOfMeasure>
      <QtyInPackage>0</QtyInPackage>
      <ItemPrice>34.90</ItemPrice>
      <UnitOfMeasurePrice>4.99</UnitOfMeasurePrice>
      <AllowDiscount>1</AllowDiscount>
      <ItemStatus>1</ItemStatus>
    </Item>
    <Item>
      <PriceUpdateDate>2018-11-19 07:51</PriceUpdateDate>
      <ItemCode>7290012413643</ItemCode>
      <ItemType>1</ItemType>
      <ItemName>תה ירוק קמומיל 25שק1.5*ג</ItemName>
      <ManufacturerName>בית ויסוצקי</ManufacturerName>
      <ManufactureCountry>IL</ManufactureCountry>
      <ManufacturerItemDescription>תה ירוק קמומיל</ManufacturerItemDescription>
      <UnitQty>גרמים</UnitQty>
      <Quantity>37.00</Quantity>
      <bIsWeighted>0</bIsWeighted>
      <UnitOfMeasure>100 גרם</UnitOfMeasure>
      <QtyInPackage>0</QtyInPackage>
      <ItemPrice>26.90</ItemPrice>
      <UnitOfMeasurePrice>72.70</UnitOfMeasurePrice>
      <AllowDiscount>1</AllowDiscount>
      <ItemStatus>1</ItemStatus>
    </Item>
    <Item>
      <PriceUpdateDate>2022-06-22 10:32</PriceUpdateDate>
      <ItemCode>7290012576614</ItemCode>
      <ItemType>1</ItemType>
      <ItemName>ריזלינג פרמייר 750 מ"ל</ItemName>
      <ManufacturerName>יקבי ברקן שיווק והפצה בע</ManufacturerName>
      <ManufactureCountry>IL</ManufactureCountry>
      <ManufacturerItemDescription>פרמייר ריזלינג</ManufacturerItemDescription>
      <UnitQty>מיליליטרים</UnitQty>
      <Quantity>750.00</Quantity>
      <bIsWeighted>0</bIsWeighted>
      <UnitOfMeasure>100 מ"ל</UnitOfMeasure>
      <QtyInPackage>0</QtyInPackage>
      <ItemPrice>28.90</ItemPrice>
      <UnitOfMeasurePrice>3.85</UnitOfMeasurePrice>
      <AllowDiscount>1</AllowDiscount>
      <ItemStatus>1</ItemStatus>
    </Item>
    <Item>
      <PriceUpdateDate>2023-03-31 07:49</PriceUpdateDate>
      <ItemCode>7290012588907</ItemCode>
      <ItemType>1</ItemType>
      <ItemName>איילנד גויאבה 300 מ"ל</ItemName>
      <ManufacturerName>פאראגאלה,דה אג'יפשן קו פ</ManufacturerName>
      <ManufactureCountry>EG</ManufactureCountry>
      <ManufacturerItemDescription>איילנד גויאבה 30</ManufacturerItemDescription>
      <UnitQty>מיליליטרים</UnitQty>
      <Quantity>300.00</Quantity>
      <bIsWeighted>0</bIsWeighted>
      <UnitOfMeasure>100 מ"ל</UnitOfMeasure>
      <QtyInPackage>1</QtyInPackage>
      <ItemPrice>6.50</ItemPrice>
      <UnitOfMeasurePrice>2.17</UnitOfMeasurePrice>
      <AllowDiscount>1</AllowDiscount>
      <ItemStatus>1</ItemStatus>
    </Item>
    <Item>
      <PriceUpdateDate>2023-01-02 08:17</PriceUpdateDate>
      <ItemCode>7290012803222</ItemCode>
      <ItemType>1</ItemType>
      <ItemName>ופל בלגי ט.לימון ללתס200</ItemName>
      <ManufacturerName>גילרו בע"\מ</ManufacturerName>
      <ManufactureCountry>IL</ManufactureCountry>
      <ManufacturerItemDescription>וופל בלגי</ManufacturerItemDescription>
      <UnitQty>גרמים</UnitQty>
      <Quantity>200.00</Quantity>
      <bIsWeighted>0</bIsWeighted>
      <UnitOfMeasure>100 גרם</UnitOfMeasure>
      <QtyInPackage>0</QtyInPackage>
      <ItemPrice>10.90</ItemPrice>
      <UnitOfMeasurePrice>5.45</UnitOfMeasurePrice>
      <AllowDiscount>1</AllowDiscount>
      <ItemStatus>1</ItemStatus>
    </Item>
    <Item>
      <PriceUpdateDate>2023-04-11 04:40</PriceUpdateDate>
      <ItemCode>7290013170583</ItemCode>
      <ItemType>1</ItemType>
      <ItemName>פירורית אסם כשל"פ 350גרם</ItemName>
      <ManufacturerName>אסם השקעות בע"\מ</ManufacturerName>
      <ManufactureCountry>IL</ManufactureCountry>
      <ManufacturerItemDescription>פירורית</ManufacturerItemDescription>
      <UnitQty>גרמים</UnitQty>
      <Quantity>350.00</Quantity>
      <bIsWeighted>0</bIsWeighted>
      <UnitOfMeasure>100 גרם</UnitOfMeasure>
      <QtyInPackage>0</QtyInPackage>
      <ItemPrice>10.90</ItemPrice>
      <UnitOfMeasurePrice>3.12</UnitOfMeasurePrice>
      <AllowDiscount>1</AllowDiscount>
      <ItemStatus>1</ItemStatus>
    </Item>
    <Item>
      <PriceUpdateDate>2018-11-19 07:53</PriceUpdateDate>
      <ItemCode>7290013268204</ItemCode>
      <ItemType>1</ItemType>
      <ItemName>20מגבונ.לחיטוי מושב אסלה</ItemName>
      <ManufacturerName>סנו</ManufacturerName>
      <ManufactureCountry>IL</ManufactureCountry>
      <ManufacturerItemDescription>מגבונים לאסלה</ManufacturerItemDescription>
      <UnitQty>יחידה</UnitQty>
      <Quantity>1.00</Quantity>
      <bIsWeighted>0</bIsWeighted>
      <UnitOfMeasure>יחידה</UnitOfMeasure>
      <QtyInPackage>1</QtyInPackage>
      <ItemPrice>9.90</ItemPrice>
      <UnitOfMeasurePrice>9.90</UnitOfMeasurePrice>
      <AllowDiscount>1</AllowDiscount>
      <ItemStatus>1</ItemStatus>
    </Item>
    <Item>
      <PriceUpdateDate>2023-01-19 18:58</PriceUpdateDate>
      <ItemCode>7290013268891</ItemCode>
      <ItemType>1</ItemType>
      <ItemName>אוקסיג'ן ג'ל 3ליטר</ItemName>
      <ManufacturerName>סנו מפעלי ברונוס בע"\מ</ManufacturerName>
      <ManufactureCountry>IL</ManufactureCountry>
      <ManufacturerItemDescription>אוקסיג'ן ג'ל</ManufacturerItemDescription>
      <UnitQty>ליטרים</UnitQty>
      <Quantity>3.00</Quantity>
      <bIsWeighted>0</bIsWeighted>
      <UnitOfMeasure>ליטר</UnitOfMeasure>
      <QtyInPackage>0</QtyInPackage>
      <ItemPrice>35.90</ItemPrice>
      <UnitOfMeasurePrice>11.97</UnitOfMeasurePrice>
      <AllowDiscount>1</AllowDiscount>
      <ItemStatus>1</ItemStatus>
    </Item>
    <Item>
      <PriceUpdateDate>2023-03-31 07:49</PriceUpdateDate>
      <ItemCode>7290013608260</ItemCode>
      <ItemType>1</ItemType>
      <ItemName>מיץ רימונים סחוט טרי 1ל'</ItemName>
      <ManufacturerName>גניר</ManufacturerName>
      <ManufactureCountry>IL</ManufactureCountry>
      <ManufacturerItemDescription>מיץ רימונים</ManufacturerItemDescription>
      <UnitQty>ליטרים</UnitQty>
      <Quantity>1.00</Quantity>
      <bIsWeighted>0</bIsWeighted>
      <UnitOfMeasure>ליטר</UnitOfMeasure>
      <QtyInPackage>0</QtyInPackage>
      <ItemPrice>26.50</ItemPrice>
      <UnitOfMeasurePrice>26.50</UnitOfMeasurePrice>
      <AllowDiscount>1</AllowDiscount>
      <ItemStatus>1</ItemStatus>
    </Item>
    <Item>
      <PriceUpdateDate>2018-11-19 07:49</PriceUpdateDate>
      <ItemCode>7290013675545</ItemCode>
      <ItemType>1</ItemType>
      <ItemName>שניצל כלי תחבורה 700 גרם</ItemName>
      <ManufacturerName>תנובה גליל שותפות מוגבלת</ManufacturerName>
      <ManufactureCountry>IL</ManufactureCountry>
      <ManufacturerItemDescription>שניצל כליתחבורה</ManufacturerItemDescription>
      <UnitQty>גרמים</UnitQty>
      <Quantity>700.00</Quantity>
      <bIsWeighted>0</bIsWeighted>
      <UnitOfMeasure>100 גרם</UnitOfMeasure>
      <QtyInPackage>1</QtyInPackage>
      <ItemPrice>37.90</ItemPrice>
      <UnitOfMeasurePrice>5.41</UnitOfMeasurePrice>
      <AllowDiscount>1</AllowDiscount>
      <ItemStatus>1</ItemStatus>
    </Item>
    <Item>
      <PriceUpdateDate>2023-04-13 10:30</PriceUpdateDate>
      <ItemCode>7290013861955</ItemCode>
      <ItemType>1</ItemType>
      <ItemName>תערובת פיצוחים 200גרם</ItemName>
      <ManufacturerName>שקדיה</ManufacturerName>
      <ManufactureCountry>IL</ManufactureCountry>
      <ManufacturerItemDescription>תערובת פיצוחים</ManufacturerItemDescription>
      <UnitQty>גרמים</UnitQty>
      <Quantity>200.00</Quantity>
      <bIsWeighted>0</bIsWeighted>
      <UnitOfMeasure>100 גרם</UnitOfMeasure>
      <QtyInPackage>0</QtyInPackage>
      <ItemPrice>21.90</ItemPrice>
      <UnitOfMeasurePrice>10.95</UnitOfMeasurePrice>
      <AllowDiscount>1</AllowDiscount>
      <ItemStatus>1</ItemStatus>
    </Item>
    <Item>
      <PriceUpdateDate>2018-11-19 07:51</PriceUpdateDate>
      <ItemCode>7290014002647</ItemCode>
      <ItemType>1</ItemType>
      <ItemName>תה ירוק לימונ.לואיזה15שק</ItemName>
      <ManufacturerName>---</ManufacturerName>
      <ManufactureCountry>IL</ManufactureCountry>
      <ManufacturerItemDescription>תה ירוק 15 שקיק.</ManufacturerItemDescription>
      <UnitQty>גרמים</UnitQty>
      <Quantity>22.00</Quantity>
      <bIsWeighted>0</bIsWeighted>
      <UnitOfMeasure>100 גרם</UnitOfMeasure>
      <QtyInPackage>0</QtyInPackage>
      <ItemPrice>13.90</ItemPrice>
      <UnitOfMeasurePrice>63.18</UnitOfMeasurePrice>
      <AllowDiscount>1</AllowDiscount>
      <ItemStatus>1</ItemStatus>
    </Item>
    <Item>
      <PriceUpdateDate>2019-02-22 05:39</PriceUpdateDate>
      <ItemCode>7290014002661</ItemCode>
      <ItemType>1</ItemType>
      <ItemName>תה ארל גריי 20 שקיקים</ItemName>
      <ManufacturerName>ויסוצקי</ManufacturerName>
      <ManufactureCountry>IL</ManufactureCountry>
      <ManufacturerItemDescription>תה ארל גריי</ManufacturerItemDescription>
      <UnitQty>גרמים</UnitQty>
      <Quantity>30.00</Quantity>
      <bIsWeighted>0</bIsWeighted>
      <UnitOfMeasure>100 גרם</UnitOfMeasure>
      <QtyInPackage>0</QtyInPackage>
      <ItemPrice>15.90</ItemPrice>
      <UnitOfMeasurePrice>53.00</UnitOfMeasurePrice>
      <AllowDiscount>1</AllowDiscount>
      <ItemStatus>1</ItemStatus>
    </Item>
    <Item>
      <PriceUpdateDate>2023-01-02 08:33</PriceUpdateDate>
      <ItemCode>7290014088900</ItemCode>
      <ItemType>1</ItemType>
      <ItemName>מיונז אמיתי 500 גרם</ItemName>
      <ManufacturerName>ר.ס</ManufacturerName>
      <ManufactureCountry>IL</ManufactureCountry>
      <ManufacturerItemDescription>מיונז 500 גרם</ManufacturerItemDescription>
      <UnitQty>גרמים</UnitQty>
      <Quantity>500.00</Quantity>
      <bIsWeighted>0</bIsWeighted>
      <UnitOfMeasure>100 גרם</UnitOfMeasure>
      <QtyInPackage>1</QtyInPackage>
      <ItemPrice>9.90</ItemPrice>
      <UnitOfMeasurePrice>1.98</UnitOfMeasurePrice>
      <AllowDiscount>1</AllowDiscount>
      <ItemStatus>1</ItemStatus>
    </Item>
    <Item>
      <PriceUpdateDate>2022-05-13 11:26</PriceUpdateDate>
      <ItemCode>7290014256637</ItemCode>
      <ItemType>1</ItemType>
      <ItemName>מוסקטו מבעבע באזז 750 מל</ItemName>
      <ManufacturerName>יקבי כרמל</ManufacturerName>
      <ManufactureCountry>IL</ManufactureCountry>
      <ManufacturerItemDescription>מוסקטו באזז</ManufacturerItemDescription>
      <UnitQty>מיליליטרים</UnitQty>
      <Quantity>750.00</Quantity>
      <bIsWeighted>0</bIsWeighted>
      <UnitOfMeasure>100 מ"ל</UnitOfMeasure>
      <QtyInPackage>0</QtyInPackage>
      <ItemPrice>29.90</ItemPrice>
      <UnitOfMeasurePrice>3.99</UnitOfMeasurePrice>
      <AllowDiscount>1</AllowDiscount>
      <ItemStatus>1</ItemStatus>
    </Item>
    <Item>
      <PriceUpdateDate>2018-11-19 07:53</PriceUpdateDate>
      <ItemCode>7290014426061</ItemCode>
      <ItemType>1</ItemType>
      <ItemName>משחת שיניים הלו קיטי50מ</ItemName>
      <ManufacturerName>כצט</ManufacturerName>
      <ManufactureCountry>IL</ManufactureCountry>
      <ManufacturerItemDescription>משחת שיניים</ManufacturerItemDescription>
      <UnitQty>מיליליטרים</UnitQty>
      <Quantity>50.00</Quantity>
      <bIsWeighted>0</bIsWeighted>
      <UnitOfMeasure>100 מ"ל</UnitOfMeasure>
      <QtyInPackage>0</QtyInPackage>
      <ItemPrice>13.80</ItemPrice>
      <UnitOfMeasurePrice>27.60</UnitOfMeasurePrice>
      <AllowDiscount>1</AllowDiscount>
      <ItemStatus>1</ItemStatus>
    </Item>
    <Item>
      <PriceUpdateDate>2022-12-18 16:41</PriceUpdateDate>
      <ItemCode>7290014466128</ItemCode>
      <ItemType>1</ItemType>
      <ItemName>אינדיגו הר חרמון 750 מ"ל</ItemName>
      <ManufacturerName>מיוצר וממולא על ידי יקב</ManufacturerName>
      <ManufactureCountry>IL</ManufactureCountry>
      <ManufacturerItemDescription>הר חרמון אינדיגו</ManufacturerItemDescription>
      <UnitQty>מיליליטרים</UnitQty>
      <Quantity>750.00</Quantity>
      <bIsWeighted>0</bIsWeighted>
      <UnitOfMeasure>100 מ"ל</UnitOfMeasure>
      <QtyInPackage>0</QtyInPackage>
      <ItemPrice>37.90</ItemPrice>
      <UnitOfMeasurePrice>5.05</UnitOfMeasurePrice>
      <AllowDiscount>1</AllowDiscount>
      <ItemStatus>1</ItemStatus>
    </Item>
    <Item>
      <PriceUpdateDate>2023-02-21 09:14</PriceUpdateDate>
      <ItemCode>7290014749245</ItemCode>
      <ItemType>1</ItemType>
      <ItemName>צ'ונגו רצועות שניצל 600</ItemName>
      <ManufacturerName>מוצרי עוף טוב (2001) בע\</ManufacturerName>
      <ManufactureCountry>IL</ManufactureCountry>
      <ManufacturerItemDescription>צ'ונגו רצועות</ManufacturerItemDescription>
      <UnitQty>גרמים</UnitQty>
      <Quantity>600.00</Quantity>
      <bIsWeighted>0</bIsWeighted>
      <UnitOfMeasure>100 גרם</UnitOfMeasure>
      <QtyInPackage>1</QtyInPackage>
      <ItemPrice>44.90</ItemPrice>
      <UnitOfMeasurePrice>7.48</UnitOfMeasurePrice>
      <AllowDiscount>1</AllowDiscount>
      <ItemStatus>1</ItemStatus>
    </Item>
    <Item>
      <PriceUpdateDate>2022-12-12 16:24</PriceUpdateDate>
      <ItemCode>7290014759084</ItemCode>
      <ItemType>1</ItemType>
      <ItemName>גבינת נפוליאון</ItemName>
      <ManufacturerName />
      <ManufactureCountry>IL</ManufactureCountry>
      <ManufacturerItemDescription>גבינת נפוליאון</ManufacturerItemDescription>
      <UnitQty>גרמים</UnitQty>
      <Quantity>225.00</Quantity>
      <bIsWeighted>0</bIsWeighted>
      <UnitOfMeasure>100 גרם</UnitOfMeasure>
      <QtyInPackage>0</QtyInPackage>
      <ItemPrice>15.00</ItemPrice>
      <UnitOfMeasurePrice>6.67</UnitOfMeasurePrice>
      <AllowDiscount>1</AllowDiscount>
      <ItemStatus>1</ItemStatus>
    </Item>
    <Item>
      <PriceUpdateDate>2023-01-11 08:35</PriceUpdateDate>
      <ItemCode>7290014759909</ItemCode>
      <ItemType>1</ItemType>
      <ItemName>פטה עיזים פיראוס</ItemName>
      <ManufacturerName />
      <ManufactureCountry>IL</ManufactureCountry>
      <ManufacturerItemDescription>פטה עיזים פיראוס</ManufacturerItemDescription>
      <UnitQty>גרמים</UnitQty>
      <Quantity>250.00</Quantity>
      <bIsWeighted>0</bIsWeighted>
      <UnitOfMeasure>100 גרם</UnitOfMeasure>
      <QtyInPackage>0</QtyInPackage>
      <ItemPrice>31.50</ItemPrice>
      <UnitOfMeasurePrice>12.60</UnitOfMeasurePrice>
      <AllowDiscount>1</AllowDiscount>
      <ItemStatus>1</ItemStatus>
    </Item>
    <Item>
      <PriceUpdateDate>2023-01-02 08:18</PriceUpdateDate>
      <ItemCode>7290014759978</ItemCode>
      <ItemType>1</ItemType>
      <ItemName>גבינת קשקבל / גלעד 200גר</ItemName>
      <ManufacturerName>תנובה</ManufacturerName>
      <ManufactureCountry>IL</ManufactureCountry>
      <ManufacturerItemDescription>גב.קשקבל / גלעד</ManufacturerItemDescription>
      <UnitQty>גרמים</UnitQty>
      <Quantity>200.00</Quantity>
      <bIsWeighted>0</bIsWeighted>
      <UnitOfMeasure>100 גרם</UnitOfMeasure>
      <QtyInPackage>0</QtyInPackage>
      <ItemPrice>30.00</ItemPrice>
      <UnitOfMeasurePrice>15.00</UnitOfMeasurePrice>
      <AllowDiscount>1</AllowDiscount>
      <ItemStatus>1</ItemStatus>
    </Item>
    <Item>
      <PriceUpdateDate>2023-01-11 08:35</PriceUpdateDate>
      <ItemCode>7290014759985</ItemCode>
      <ItemType>1</ItemType>
      <ItemName>גבינת פרמזן / גבע 200 גר</ItemName>
      <ManufacturerName>תנובה</ManufacturerName>
      <ManufactureCountry>IL</ManufactureCountry>
      <ManufacturerItemDescription>גבינת פרמזן/גבע</ManufacturerItemDescription>
      <UnitQty>גרמים</UnitQty>
      <Quantity>200.00</Quantity>
      <bIsWeighted>0</bIsWeighted>
      <UnitOfMeasure>100 גרם</UnitOfMeasure>
      <QtyInPackage>0</QtyInPackage>
      <ItemPrice>28.90</ItemPrice>
      <UnitOfMeasurePrice>14.45</UnitOfMeasurePrice>
      <AllowDiscount>1</AllowDiscount>
      <ItemStatus>1</ItemStatus>
    </Item>
    <Item>
      <PriceUpdateDate>2023-01-11 08:35</PriceUpdateDate>
      <ItemCode>7290014759992</ItemCode>
      <ItemType>1</ItemType>
      <ItemName>רוקפור גליל26% כבשים140ג</ItemName>
      <ManufacturerName>תנובה</ManufacturerName>
      <ManufactureCountry>IL</ManufactureCountry>
      <ManufacturerItemDescription>קולאז' רוקפור</ManufacturerItemDescription>
      <UnitQty>גרמים</UnitQty>
      <Quantity>140.00</Quantity>
      <bIsWeighted>0</bIsWeighted>
      <UnitOfMeasure>100 גרם</UnitOfMeasure>
      <QtyInPackage>0</QtyInPackage>
      <ItemPrice>21.00</ItemPrice>
      <UnitOfMeasurePrice>15.00</UnitOfMeasurePrice>
      <AllowDiscount>1</AllowDiscount>
      <ItemStatus>1</ItemStatus>
    </Item>
    <Item>
      <PriceUpdateDate>2022-12-07 07:00</PriceUpdateDate>
      <ItemCode>7290014761056</ItemCode>
      <ItemType>1</ItemType>
      <ItemName>יולו שוקולד חלב</ItemName>
      <ManufacturerName />
      <ManufactureCountry>IL</ManufactureCountry>
      <ManufacturerItemDescription>יולו שוקולד חלב</ManufacturerItemDescription>
      <UnitQty>גרמים</UnitQty>
      <Quantity>123.00</Quantity>
      <bIsWeighted>0</bIsWeighted>
      <UnitOfMeasure>100 גרם</UnitOfMeasure>
      <QtyInPackage>0</QtyInPackage>
      <ItemPrice>5.20</ItemPrice>
      <UnitOfMeasurePrice>4.23</UnitOfMeasurePrice>
      <AllowDiscount>1</AllowDiscount>
      <ItemStatus>1</ItemStatus>
    </Item>
    <Item>
      <PriceUpdateDate>2022-12-07 07:00</PriceUpdateDate>
      <ItemCode>7290014761063</ItemCode>
      <ItemType>1</ItemType>
      <ItemName>יולו שוקולד מריר</ItemName>
      <ManufacturerName />
      <ManufactureCountry>IL</ManufactureCountry>
      <ManufacturerItemDescription>יולו שוקולד מריר</ManufacturerItemDescription>
      <UnitQty>גרמים</UnitQty>
      <Quantity>123.00</Quantity>
      <bIsWeighted>0</bIsWeighted>
      <UnitOfMeasure>100 גרם</UnitOfMeasure>
      <QtyInPackage>0</QtyInPackage>
      <ItemPrice>5.20</ItemPrice>
      <UnitOfMeasurePrice>4.23</UnitOfMeasurePrice>
      <AllowDiscount>1</AllowDiscount>
      <ItemStatus>1</ItemStatus>
    </Item>
    <Item>
      <PriceUpdateDate>2020-08-04 09:09</PriceUpdateDate>
      <ItemCode>7290014910515</ItemCode>
      <ItemType>1</ItemType>
      <ItemName>שפרוטים מעושנים 250 גרם</ItemName>
      <ManufacturerName>סיא אונדה</ManufacturerName>
      <ManufactureCountry>LV</ManufactureCountry>
      <ManufacturerItemDescription>שפרוטים מעושנים</ManufacturerItemDescription>
      <UnitQty>גרמים</UnitQty>
      <Quantity>250.00</Quantity>
      <bIsWeighted>0</bIsWeighted>
      <UnitOfMeasure>100 גרם</UnitOfMeasure>
      <QtyInPackage>1</QtyInPackage>
      <ItemPrice>12.90</ItemPrice>
      <UnitOfMeasurePrice>5.16</UnitOfMeasurePrice>
      <AllowDiscount>1</AllowDiscount>
      <ItemStatus>1</ItemStatus>
    </Item>
    <Item>
      <PriceUpdateDate>2022-06-08 10:57</PriceUpdateDate>
      <ItemCode>7290015039055</ItemCode>
      <ItemType>1</ItemType>
      <ItemName>רוטב צ'ילי חריף</ItemName>
      <ManufacturerName />
      <ManufactureCountry>TH</ManufactureCountry>
      <ManufacturerItemDescription>רוטב צ'ילי חריף</ManufacturerItemDescription>
      <UnitQty>מיליליטרים</UnitQty>
      <Quantity>700.00</Quantity>
      <bIsWeighted>0</bIsWeighted>
      <UnitOfMeasure>100 מ"ל</UnitOfMeasure>
      <QtyInPackage>0</QtyInPackage>
      <ItemPrice>11.90</ItemPrice>
      <UnitOfMeasurePrice>1.70</UnitOfMeasurePrice>
      <AllowDiscount>1</AllowDiscount>
      <ItemStatus>1</ItemStatus>
    </Item>
    <Item>
      <PriceUpdateDate>2022-06-22 10:32</PriceUpdateDate>
      <ItemCode>7290015350150</ItemCode>
      <ItemType>1</ItemType>
      <ItemName>אדום חצי יבש של סגל750מל</ItemName>
      <ManufacturerName>כרמי צבי - אחים סגל בע"\</ManufacturerName>
      <ManufactureCountry>IL</ManufactureCountry>
      <ManufacturerItemDescription>יין אדום חצי יבש</ManufacturerItemDescription>
      <UnitQty>מיליליטרים</UnitQty>
      <Quantity>750.00</Quantity>
      <bIsWeighted>0</bIsWeighted>
      <UnitOfMeasure>100 מ"ל</UnitOfMeasure>
      <QtyInPackage>1</QtyInPackage>
      <ItemPrice>23.90</ItemPrice>
      <UnitOfMeasurePrice>3.19</UnitOfMeasurePrice>
      <AllowDiscount>1</AllowDiscount>
      <ItemStatus>1</ItemStatus>
    </Item>
    <Item>
      <PriceUpdateDate>2023-02-21 09:33</PriceUpdateDate>
      <ItemCode>7290015597937</ItemCode>
      <ItemType>1</ItemType>
      <ItemName>קורנטו וניל קלאסי 70 גרם</ItemName>
      <ManufacturerName>מיוצר ע"\י גלידת שטראוס</ManufacturerName>
      <ManufactureCountry>IL</ManufactureCountry>
      <ManufacturerItemDescription>קורנטו וניל קלאס</ManufacturerItemDescription>
      <UnitQty>גרמים</UnitQty>
      <Quantity>70.00</Quantity>
      <bIsWeighted>0</bIsWeighted>
      <UnitOfMeasure>100 גרם</UnitOfMeasure>
      <QtyInPackage>1</QtyInPackage>
      <ItemPrice>8.90</ItemPrice>
      <UnitOfMeasurePrice>12.71</UnitOfMeasurePrice>
      <AllowDiscount>1</AllowDiscount>
      <ItemStatus>1</ItemStatus>
    </Item>
    <Item>
      <PriceUpdateDate>2022-01-20 07:32</PriceUpdateDate>
      <ItemCode>7290015603638</ItemCode>
      <ItemType>1</ItemType>
      <ItemName>אורז עגול קלרוז 1 ק"ג</ItemName>
      <ManufacturerName>AGRICUL GREEN PHONG MINH</ManufacturerName>
      <ManufactureCountry>VN</ManufactureCountry>
      <ManufacturerItemDescription>אורז עגול קלרוז</ManufacturerItemDescription>
      <UnitQty>קילוגרמים</UnitQty>
      <Quantity>1.00</Quantity>
      <bIsWeighted>0</bIsWeighted>
      <UnitOfMeasure>ק"ג</UnitOfMeasure>
      <QtyInPackage>1</QtyInPackage>
      <ItemPrice>12.90</ItemPrice>
      <UnitOfMeasurePrice>12.90</UnitOfMeasurePrice>
      <AllowDiscount>1</AllowDiscount>
      <ItemStatus>1</ItemStatus>
    </Item>
    <Item>
      <PriceUpdateDate>2022-09-16 05:35</PriceUpdateDate>
      <ItemCode>7290015858328</ItemCode>
      <ItemType>1</ItemType>
      <ItemName>עללחם  איולי פסטו 295 גר</ItemName>
      <ManufacturerName>מדשא תעשיות מזון בע"\מ</ManufacturerName>
      <ManufactureCountry>IL</ManufactureCountry>
      <ManufacturerItemDescription>איולי פסטו</ManufacturerItemDescription>
      <UnitQty>גרמים</UnitQty>
      <Quantity>295.00</Quantity>
      <bIsWeighted>0</bIsWeighted>
      <UnitOfMeasure>100 גרם</UnitOfMeasure>
      <QtyInPackage>1</QtyInPackage>
      <ItemPrice>16.90</ItemPrice>
      <UnitOfMeasurePrice>5.73</UnitOfMeasurePrice>
      <AllowDiscount>1</AllowDiscount>
      <ItemStatus>1</ItemStatus>
    </Item>
    <Item>
      <PriceUpdateDate>2022-09-16 05:35</PriceUpdateDate>
      <ItemCode>7290015858441</ItemCode>
      <ItemType>1</ItemType>
      <ItemName>איולי פלפלים 295 גרם</ItemName>
      <ManufacturerName>מדשא תעשיות מזון בע"\מ</ManufacturerName>
      <ManufactureCountry>IL</ManufactureCountry>
      <ManufacturerItemDescription>איולי פלפלים</ManufacturerItemDescription>
      <UnitQty>גרמים</UnitQty>
      <Quantity>295.00</Quantity>
      <bIsWeighted>0</bIsWeighted>
      <UnitOfMeasure>100 גרם</UnitOfMeasure>
      <QtyInPackage>1</QtyInPackage>
      <ItemPrice>16.90</ItemPrice>
      <UnitOfMeasurePrice>5.73</UnitOfMeasurePrice>
      <AllowDiscount>1</AllowDiscount>
      <ItemStatus>1</ItemStatus>
    </Item>
    <Item>
      <PriceUpdateDate>2022-09-16 05:35</PriceUpdateDate>
      <ItemCode>7290015858694</ItemCode>
      <ItemType>1</ItemType>
      <ItemName>עללחם איולי שום לימון295</ItemName>
      <ManufacturerName>מדשא תעשיות מזון בע"\מ</ManufacturerName>
      <ManufactureCountry>IL</ManufactureCountry>
      <ManufacturerItemDescription>איולי שום לימון</ManufacturerItemDescription>
      <UnitQty>גרמים</UnitQty>
      <Quantity>295.00</Quantity>
      <bIsWeighted>0</bIsWeighted>
      <UnitOfMeasure>100 גרם</UnitOfMeasure>
      <QtyInPackage>1</QtyInPackage>
      <ItemPrice>16.90</ItemPrice>
      <UnitOfMeasurePrice>5.73</UnitOfMeasurePrice>
      <AllowDiscount>1</AllowDiscount>
      <ItemStatus>1</ItemStatus>
    </Item>
    <Item>
      <PriceUpdateDate>2020-08-04 09:09</PriceUpdateDate>
      <ItemCode>7290016006322</ItemCode>
      <ItemType>1</ItemType>
      <ItemName>מי עדן 1 ליטר</ItemName>
      <ManufacturerName>מופק ממקור בזלתי עדן ,1</ManufacturerName>
      <ManufactureCountry>IL</ManufactureCountry>
      <ManufacturerItemDescription>מי עדן</ManufacturerItemDescription>
      <UnitQty>ליטרים</UnitQty>
      <Quantity>1.00</Quantity>
      <bIsWeighted>0</bIsWeighted>
      <UnitOfMeasure>ליטר</UnitOfMeasure>
      <QtyInPackage>1</QtyInPackage>
      <ItemPrice>3.90</ItemPrice>
      <UnitOfMeasurePrice>3.90</UnitOfMeasurePrice>
      <AllowDiscount>1</AllowDiscount>
      <ItemStatus>1</ItemStatus>
    </Item>
    <Item>
      <PriceUpdateDate>2022-07-08 06:48</PriceUpdateDate>
      <ItemCode>7290016083088</ItemCode>
      <ItemType>1</ItemType>
      <ItemName>מאפה זיווה כשל"פ 500 גרם</ItemName>
      <ManufacturerName>---</ManufacturerName>
      <ManufactureCountry>IL</ManufactureCountry>
      <ManufacturerItemDescription>מאפה זיווה כשל"פ</ManufacturerItemDescription>
      <UnitQty>גרמים</UnitQty>
      <Quantity>500.00</Quantity>
      <bIsWeighted>0</bIsWeighted>
      <UnitOfMeasure>100 גרם</UnitOfMeasure>
      <QtyInPackage>1</QtyInPackage>
      <ItemPrice>24.90</ItemPrice>
      <UnitOfMeasurePrice>4.98</UnitOfMeasurePrice>
      <AllowDiscount>1</AllowDiscount>
      <ItemStatus>1</ItemStatus>
    </Item>
    <Item>
      <PriceUpdateDate>2022-09-16 05:35</PriceUpdateDate>
      <ItemCode>7290016096491</ItemCode>
      <ItemType>1</ItemType>
      <ItemName>טונה בהירה שמן צמחי80*3ג</ItemName>
      <ManufacturerName>תעשיות פילטונה</ManufacturerName>
      <ManufactureCountry>IL</ManufactureCountry>
      <ManufacturerItemDescription>3טונה בשמן צמחי</ManufacturerItemDescription>
      <UnitQty>גרמים</UnitQty>
      <Quantity>240.00</Quantity>
      <bIsWeighted>0</bIsWeighted>
      <UnitOfMeasure>100 גרם</UnitOfMeasure>
      <QtyInPackage>1</QtyInPackage>
      <ItemPrice>13.90</ItemPrice>
      <UnitOfMeasurePrice>5.79</UnitOfMeasurePrice>
      <AllowDiscount>1</AllowDiscount>
      <ItemStatus>1</ItemStatus>
    </Item>
    <Item>
      <PriceUpdateDate>2022-11-23 08:30</PriceUpdateDate>
      <ItemCode>7290016096507</ItemCode>
      <ItemType>1</ItemType>
      <ItemName>טונה בשמן קנולה80*3 גרם</ItemName>
      <ManufacturerName>תעשיות פילטונה</ManufacturerName>
      <ManufactureCountry>IL</ManufactureCountry>
      <ManufacturerItemDescription>3טונה בשמן קנולה</ManufacturerItemDescription>
      <UnitQty>גרמים</UnitQty>
      <Quantity>240.00</Quantity>
      <bIsWeighted>0</bIsWeighted>
      <UnitOfMeasure>100 גרם</UnitOfMeasure>
      <QtyInPackage>1</QtyInPackage>
      <ItemPrice>13.90</ItemPrice>
      <UnitOfMeasurePrice>5.79</UnitOfMeasurePrice>
      <AllowDiscount>1</AllowDiscount>
      <ItemStatus>1</ItemStatus>
    </Item>
    <Item>
      <PriceUpdateDate>2022-07-29 05:36</PriceUpdateDate>
      <ItemCode>7290016096910</ItemCode>
      <ItemType>1</ItemType>
      <ItemName>נתח.טונה ילופין ש.זית108</ItemName>
      <ManufacturerName>תעשיות פילטונה</ManufacturerName>
      <ManufactureCountry>IL</ManufactureCountry>
      <ManufacturerItemDescription>טונה בשמן זית</ManufacturerItemDescription>
      <UnitQty>גרמים</UnitQty>
      <Quantity>108.00</Quantity>
      <bIsWeighted>0</bIsWeighted>
      <UnitOfMeasure>100 גרם</UnitOfMeasure>
      <QtyInPackage>1</QtyInPackage>
      <ItemPrice>10.90</ItemPrice>
      <UnitOfMeasurePrice>10.09</UnitOfMeasurePrice>
      <AllowDiscount>1</AllowDiscount>
      <ItemStatus>1</ItemStatus>
    </Item>
    <Item>
      <PriceUpdateDate>2021-05-14 05:38</PriceUpdateDate>
      <ItemCode>7290016096934</ItemCode>
      <ItemType>1</ItemType>
      <ItemName>סלט טונה פילטונה 160*2ג</ItemName>
      <ManufacturerName>תעשיות פילטונה</ManufacturerName>
      <ManufactureCountry>IL</ManufactureCountry>
      <ManufacturerItemDescription>סלט טונה 2 יח</ManufacturerItemDescription>
      <UnitQty>גרמים</UnitQty>
      <Quantity>320.00</Quantity>
      <bIsWeighted>0</bIsWeighted>
      <UnitOfMeasure>100 גרם</UnitOfMeasure>
      <QtyInPackage>1</QtyInPackage>
      <ItemPrice>12.90</ItemPrice>
      <UnitOfMeasurePrice>4.03</UnitOfMeasurePrice>
      <AllowDiscount>1</AllowDiscount>
      <ItemStatus>1</ItemStatus>
    </Item>
    <Item>
      <PriceUpdateDate>2023-04-11 05:00</PriceUpdateDate>
      <ItemCode>7290016197488</ItemCode>
      <ItemType>1</ItemType>
      <ItemName>מטלית למשטחים 3יח</ItemName>
      <ManufacturerName>INC UFO</ManufacturerName>
      <ManufactureCountry>CN</ManufactureCountry>
      <ManufacturerItemDescription>מטלית למשטחים</ManufacturerItemDescription>
      <UnitQty>יחידה</UnitQty>
      <Quantity>1.00</Quantity>
      <bIsWeighted>0</bIsWeighted>
      <UnitOfMeasure>יחידה</UnitOfMeasure>
      <QtyInPackage>1</QtyInPackage>
      <ItemPrice>11.90</ItemPrice>
      <UnitOfMeasurePrice>11.90</UnitOfMeasurePrice>
      <AllowDiscount>1</AllowDiscount>
      <ItemStatus>1</ItemStatus>
    </Item>
    <Item>
      <PriceUpdateDate>2018-11-19 07:53</PriceUpdateDate>
      <ItemCode>7290016197495</ItemCode>
      <ItemType>1</ItemType>
      <ItemName>מטליות מקרופייבר רצפה2יח</ItemName>
      <ManufacturerName>INC UFO</ManufacturerName>
      <ManufactureCountry>CN</ManufactureCountry>
      <ManufacturerItemDescription>מטלית לרצפה 2יח</ManufacturerItemDescription>
      <UnitQty>יחידה</UnitQty>
      <Quantity>1.00</Quantity>
      <bIsWeighted>0</bIsWeighted>
      <UnitOfMeasure>יחידה</UnitOfMeasure>
      <QtyInPackage>1</QtyInPackage>
      <ItemPrice>24.90</ItemPrice>
      <UnitOfMeasurePrice>24.90</UnitOfMeasurePrice>
      <AllowDiscount>1</AllowDiscount>
      <ItemStatus>1</ItemStatus>
    </Item>
    <Item>
      <PriceUpdateDate>2022-07-04 10:42</PriceUpdateDate>
      <ItemCode>7290016217711</ItemCode>
      <ItemType>1</ItemType>
      <ItemName>איקרה לבנה 200 גרם</ItemName>
      <ManufacturerName>---</ManufacturerName>
      <ManufactureCountry>IL</ManufactureCountry>
      <ManufacturerItemDescription>איקרה לבנה</ManufacturerItemDescription>
      <UnitQty>גרמים</UnitQty>
      <Quantity>200.00</Quantity>
      <bIsWeighted>0</bIsWeighted>
      <UnitOfMeasure>100 גרם</UnitOfMeasure>
      <QtyInPackage>1</QtyInPackage>
      <ItemPrice>17.90</ItemPrice>
      <UnitOfMeasurePrice>8.95</UnitOfMeasurePrice>
      <AllowDiscount>1</AllowDiscount>
      <ItemStatus>1</ItemStatus>
    </Item>
    <Item>
      <PriceUpdateDate>2022-07-04 10:42</PriceUpdateDate>
      <ItemCode>7290016217728</ItemCode>
      <ItemType>1</ItemType>
      <ItemName>איקרה אדומה 200 גרם</ItemName>
      <ManufacturerName>---</ManufacturerName>
      <ManufactureCountry>IL</ManufactureCountry>
      <ManufacturerItemDescription>איקרה אדומה</ManufacturerItemDescription>
      <UnitQty>גרמים</UnitQty>
      <Quantity>200.00</Quantity>
      <bIsWeighted>0</bIsWeighted>
      <UnitOfMeasure>100 גרם</UnitOfMeasure>
      <QtyInPackage>1</QtyInPackage>
      <ItemPrice>17.90</ItemPrice>
      <UnitOfMeasurePrice>8.95</UnitOfMeasurePrice>
      <AllowDiscount>1</AllowDiscount>
      <ItemStatus>1</ItemStatus>
    </Item>
    <Item>
      <PriceUpdateDate>2022-09-01 07:44</PriceUpdateDate>
      <ItemCode>7290016234008</ItemCode>
      <ItemType>1</ItemType>
      <ItemName>אנשובי בשמן זית צנצנ100ג</ItemName>
      <ManufacturerName>אינוורסינס פריסקו</ManufacturerName>
      <ManufactureCountry>PE</ManufactureCountry>
      <ManufacturerItemDescription>אנשובי בשמן זית</ManufacturerItemDescription>
      <UnitQty>גרמים</UnitQty>
      <Quantity>100.00</Quantity>
      <bIsWeighted>0</bIsWeighted>
      <UnitOfMeasure>100 גרם</UnitOfMeasure>
      <QtyInPackage>1</QtyInPackage>
      <ItemPrice>12.90</ItemPrice>
      <UnitOfMeasurePrice>12.90</UnitOfMeasurePrice>
      <AllowDiscount>1</AllowDiscount>
      <ItemStatus>1</ItemStatus>
    </Item>
    <Item>
      <PriceUpdateDate>2020-06-19 08:14</PriceUpdateDate>
      <ItemCode>7290016246445</ItemCode>
      <ItemType>1</ItemType>
      <ItemName>טחינה מעודנת שומש.מלא310</ItemName>
      <ManufacturerName>רושדי תעשיות מזון בע"\מ</ManufacturerName>
      <ManufactureCountry>IL</ManufactureCountry>
      <ManufacturerItemDescription>טחינה מעודנת</ManufacturerItemDescription>
      <UnitQty>גרמים</UnitQty>
      <Quantity>310.00</Quantity>
      <bIsWeighted>0</bIsWeighted>
      <UnitOfMeasure>100 גרם</UnitOfMeasure>
      <QtyInPackage>1</QtyInPackage>
      <ItemPrice>13.90</ItemPrice>
      <UnitOfMeasurePrice>4.48</UnitOfMeasurePrice>
      <AllowDiscount>1</AllowDiscount>
      <ItemStatus>1</ItemStatus>
    </Item>
    <Item>
      <PriceUpdateDate>2022-06-08 10:57</PriceUpdateDate>
      <ItemCode>7290016304404</ItemCode>
      <ItemType>1</ItemType>
      <ItemName>לחם כוסמין 600 גרם</ItemName>
      <ManufacturerName>מאפיית דוידוביץ ובניו בע</ManufacturerName>
      <ManufactureCountry>IL</ManufactureCountry>
      <ManufacturerItemDescription>לחם כוסמין</ManufacturerItemDescription>
      <UnitQty>גרמים</UnitQty>
      <Quantity>600.00</Quantity>
      <bIsWeighted>0</bIsWeighted>
      <UnitOfMeasure>100 גרם</UnitOfMeasure>
      <QtyInPackage>1</QtyInPackage>
      <ItemPrice>19.90</ItemPrice>
      <UnitOfMeasurePrice>3.32</UnitOfMeasurePrice>
      <AllowDiscount>1</AllowDiscount>
      <ItemStatus>1</ItemStatus>
    </Item>
    <Item>
      <PriceUpdateDate>2022-07-04 10:43</PriceUpdateDate>
      <ItemCode>7290016304596</ItemCode>
      <ItemType>1</ItemType>
      <ItemName>לחמניות לסנדביץ' 10 יח</ItemName>
      <ManufacturerName>מאפיית דוידוביץ</ManufacturerName>
      <ManufactureCountry>IL</ManufactureCountry>
      <ManufacturerItemDescription>לחמניות לסנדביץ'</ManufacturerItemDescription>
      <UnitQty>גרמים</UnitQty>
      <Quantity>750.00</Quantity>
      <bIsWeighted>0</bIsWeighted>
      <UnitOfMeasure>100 גרם</UnitOfMeasure>
      <QtyInPackage>1</QtyInPackage>
      <ItemPrice>15.90</ItemPrice>
      <UnitOfMeasurePrice>2.12</UnitOfMeasurePrice>
      <AllowDiscount>1</AllowDiscount>
      <ItemStatus>1</ItemStatus>
    </Item>
    <Item>
      <PriceUpdateDate>2022-07-04 10:42</PriceUpdateDate>
      <ItemCode>7290016314779</ItemCode>
      <ItemType>1</ItemType>
      <ItemName>פילה מטיאס הולנדי 200גרם</ItemName>
      <ManufacturerName>---</ManufacturerName>
      <ManufactureCountry>IL</ManufactureCountry>
      <ManufacturerItemDescription>פילה מטיאס</ManufacturerItemDescription>
      <UnitQty>גרמים</UnitQty>
      <Quantity>220.00</Quantity>
      <bIsWeighted>0</bIsWeighted>
      <UnitOfMeasure>100 גרם</UnitOfMeasure>
      <QtyInPackage>1</QtyInPackage>
      <ItemPrice>22.90</ItemPrice>
      <UnitOfMeasurePrice>10.41</UnitOfMeasurePrice>
      <AllowDiscount>1</AllowDiscount>
      <ItemStatus>1</ItemStatus>
    </Item>
    <Item>
      <PriceUpdateDate>2022-07-04 10:42</PriceUpdateDate>
      <ItemCode>7290016314809</ItemCode>
      <ItemType>1</ItemType>
      <ItemName>סלט סלמון עם מיונז 200 ג</ItemName>
      <ManufacturerName>---</ManufacturerName>
      <ManufactureCountry>IL</ManufactureCountry>
      <ManufacturerItemDescription>סלט סלמון</ManufacturerItemDescription>
      <UnitQty>גרמים</UnitQty>
      <Quantity>200.00</Quantity>
      <bIsWeighted>0</bIsWeighted>
      <UnitOfMeasure>100 גרם</UnitOfMeasure>
      <QtyInPackage>1</QtyInPackage>
      <ItemPrice>22.90</ItemPrice>
      <UnitOfMeasurePrice>11.45</UnitOfMeasurePrice>
      <AllowDiscount>1</AllowDiscount>
      <ItemStatus>1</ItemStatus>
    </Item>
    <Item>
      <PriceUpdateDate>2023-04-13 14:35</PriceUpdateDate>
      <ItemCode>7290016621617</ItemCode>
      <ItemType>1</ItemType>
      <ItemName>ספריי SPF30שקוף קידס300מ</ItemName>
      <ManufacturerName>פישר מעבדות פרמצבטיות בע</ManufacturerName>
      <ManufactureCountry>IL</ManufactureCountry>
      <ManufacturerItemDescription>אולטרסול ספריי</ManufacturerItemDescription>
      <UnitQty>מיליליטרים</UnitQty>
      <Quantity>300.00</Quantity>
      <bIsWeighted>0</bIsWeighted>
      <UnitOfMeasure>100 מ"ל</UnitOfMeasure>
      <QtyInPackage>1</QtyInPackage>
      <ItemPrice>64.90</ItemPrice>
      <UnitOfMeasurePrice>21.63</UnitOfMeasurePrice>
      <AllowDiscount>1</AllowDiscount>
      <ItemStatus>1</ItemStatus>
    </Item>
    <Item>
      <PriceUpdateDate>2023-03-31 07:49</PriceUpdateDate>
      <ItemCode>7290016682083</ItemCode>
      <ItemType>1</ItemType>
      <ItemName>שייק תות בננה משק"ל 400מ</ItemName>
      <ManufacturerName>פריניב</ManufacturerName>
      <ManufactureCountry>IL</ManufactureCountry>
      <ManufacturerItemDescription>שייק תות בננה</ManufacturerItemDescription>
      <UnitQty>מיליליטרים</UnitQty>
      <Quantity>400.00</Quantity>
      <bIsWeighted>0</bIsWeighted>
      <UnitOfMeasure>100 מ"ל</UnitOfMeasure>
      <QtyInPackage>1</QtyInPackage>
      <ItemPrice>9.80</ItemPrice>
      <UnitOfMeasurePrice>2.45</UnitOfMeasurePrice>
      <AllowDiscount>1</AllowDiscount>
      <ItemStatus>1</ItemStatus>
    </Item>
    <Item>
      <PriceUpdateDate>2023-01-03 11:30</PriceUpdateDate>
      <ItemCode>7290017046112</ItemCode>
      <ItemType>1</ItemType>
      <ItemName>עוגיות כתר ריבה</ItemName>
      <ManufacturerName>---</ManufacturerName>
      <ManufactureCountry>IL</ManufactureCountry>
      <ManufacturerItemDescription>עוגיות כתר</ManufacturerItemDescription>
      <UnitQty>גרמים</UnitQty>
      <Quantity>500.00</Quantity>
      <bIsWeighted>0</bIsWeighted>
      <UnitOfMeasure>100 גרם</UnitOfMeasure>
      <QtyInPackage>1</QtyInPackage>
      <ItemPrice>18.90</ItemPrice>
      <UnitOfMeasurePrice>3.78</UnitOfMeasurePrice>
      <AllowDiscount>1</AllowDiscount>
      <ItemStatus>1</ItemStatus>
    </Item>
    <Item>
      <PriceUpdateDate>2022-12-09 06:38</PriceUpdateDate>
      <ItemCode>7290017065526</ItemCode>
      <ItemType>1</ItemType>
      <ItemName>קוואטרו פורמאגי 300 גרם</ItemName>
      <ManufacturerName>מחלבות גד בעמ</ManufacturerName>
      <ManufactureCountry>IL</ManufactureCountry>
      <ManufacturerItemDescription>קוואטרו פורמאגי</ManufacturerItemDescription>
      <UnitQty>גרמים</UnitQty>
      <Quantity>300.00</Quantity>
      <bIsWeighted>0</bIsWeighted>
      <UnitOfMeasure>100 גרם</UnitOfMeasure>
      <QtyInPackage>1</QtyInPackage>
      <ItemPrice>30.80</ItemPrice>
      <UnitOfMeasurePrice>10.27</UnitOfMeasurePrice>
      <AllowDiscount>1</AllowDiscount>
      <ItemStatus>1</ItemStatus>
    </Item>
    <Item>
      <PriceUpdateDate>2022-11-17 10:27</PriceUpdateDate>
      <ItemCode>7290017129495</ItemCode>
      <ItemType>1</ItemType>
      <ItemName>אגו מיקס כ.תירס 55 גרם</ItemName>
      <ManufacturerName>כרמית תעשיות ממתקים בעמ</ManufacturerName>
      <ManufactureCountry>IL</ManufactureCountry>
      <ManufacturerItemDescription>אגו מיקס כ.תירס</ManufacturerItemDescription>
      <UnitQty>גרמים</UnitQty>
      <Quantity>55.00</Quantity>
      <bIsWeighted>0</bIsWeighted>
      <UnitOfMeasure>100 גרם</UnitOfMeasure>
      <QtyInPackage>1</QtyInPackage>
      <ItemPrice>5.90</ItemPrice>
      <UnitOfMeasurePrice>10.73</UnitOfMeasurePrice>
      <AllowDiscount>1</AllowDiscount>
      <ItemStatus>1</ItemStatus>
    </Item>
    <Item>
      <PriceUpdateDate>2022-11-09 13:24</PriceUpdateDate>
      <ItemCode>7290017129501</ItemCode>
      <ItemType>1</ItemType>
      <ItemName>אגו מיקס כ.תירס מצופה55ג</ItemName>
      <ManufacturerName>כרמית</ManufacturerName>
      <ManufactureCountry>IL</ManufactureCountry>
      <ManufacturerItemDescription>אגו מיקס 55 גרם</ManufacturerItemDescription>
      <UnitQty>גרמים</UnitQty>
      <Quantity>55.00</Quantity>
      <bIsWeighted>0</bIsWeighted>
      <UnitOfMeasure>100 גרם</UnitOfMeasure>
      <QtyInPackage>1</QtyInPackage>
      <ItemPrice>5.90</ItemPrice>
      <UnitOfMeasurePrice>10.73</UnitOfMeasurePrice>
      <AllowDiscount>1</AllowDiscount>
      <ItemStatus>1</ItemStatus>
    </Item>
    <Item>
      <PriceUpdateDate>2023-01-19 18:58</PriceUpdateDate>
      <ItemCode>7290017334080</ItemCode>
      <ItemType>1</ItemType>
      <ItemName>שמ.זית כתית כבישה קרה750</ItemName>
      <ManufacturerName>שמן זית אליעד</ManufacturerName>
      <ManufactureCountry>IL</ManufactureCountry>
      <ManufacturerItemDescription>שמן זית כתית</ManufacturerItemDescription>
      <UnitQty>גרמים</UnitQty>
      <Quantity>750.00</Quantity>
      <bIsWeighted>0</bIsWeighted>
      <UnitOfMeasure>100 גרם</UnitOfMeasure>
      <QtyInPackage>1</QtyInPackage>
      <ItemPrice>34.90</ItemPrice>
      <UnitOfMeasurePrice>4.65</UnitOfMeasurePrice>
      <AllowDiscount>1</AllowDiscount>
      <ItemStatus>1</ItemStatus>
    </Item>
    <Item>
      <PriceUpdateDate>2022-07-01 11:05</PriceUpdateDate>
      <ItemCode>7290017589565</ItemCode>
      <ItemType>1</ItemType>
      <ItemName>גוורצטרמינר קלאסיק 750 מ</ItemName>
      <ManufacturerName>יקבי ברקן</ManufacturerName>
      <ManufactureCountry>IL</ManufactureCountry>
      <ManufacturerItemDescription>גוורצטרמינר קלאס</ManufacturerItemDescription>
      <UnitQty>מיליליטרים</UnitQty>
      <Quantity>750.00</Quantity>
      <bIsWeighted>0</bIsWeighted>
      <UnitOfMeasure>100 מ"ל</UnitOfMeasure>
      <QtyInPackage>1</QtyInPackage>
      <ItemPrice>35.90</ItemPrice>
      <UnitOfMeasurePrice>4.79</UnitOfMeasurePrice>
      <AllowDiscount>1</AllowDiscount>
      <ItemStatus>1</ItemStatus>
    </Item>
    <Item>
      <PriceUpdateDate>2021-02-05 05:38</PriceUpdateDate>
      <ItemCode>7290017647722</ItemCode>
      <ItemType>1</ItemType>
      <ItemName>גמלא בלאנקו לבן יבש750מל</ItemName>
      <ManufacturerName>יקב רמת הגולן</ManufacturerName>
      <ManufactureCountry>IL</ManufactureCountry>
      <ManufacturerItemDescription>גמלא בלאנקו לבן</ManufacturerItemDescription>
      <UnitQty>מיליליטרים</UnitQty>
      <Quantity>750.00</Quantity>
      <bIsWeighted>0</bIsWeighted>
      <UnitOfMeasure>100 מ"ל</UnitOfMeasure>
      <QtyInPackage>1</QtyInPackage>
      <ItemPrice>69.90</ItemPrice>
      <UnitOfMeasurePrice>9.32</UnitOfMeasurePrice>
      <AllowDiscount>1</AllowDiscount>
      <ItemStatus>1</ItemStatus>
    </Item>
    <Item>
      <PriceUpdateDate>2019-07-11 23:09</PriceUpdateDate>
      <ItemCode>7290017677804</ItemCode>
      <ItemType>1</ItemType>
      <ItemName>רוטב סויה קיקומן 444 מ"ל</ItemName>
      <ManufacturerName>קיקומן פודז אינק</ManufacturerName>
      <ManufactureCountry>US</ManufactureCountry>
      <ManufacturerItemDescription>רוטב סויה קיקומן</ManufacturerItemDescription>
      <UnitQty>מיליליטרים</UnitQty>
      <Quantity>444.00</Quantity>
      <bIsWeighted>0</bIsWeighted>
      <UnitOfMeasure>100 מ"ל</UnitOfMeasure>
      <QtyInPackage>1</QtyInPackage>
      <ItemPrice>21.90</ItemPrice>
      <UnitOfMeasurePrice>4.93</UnitOfMeasurePrice>
      <AllowDiscount>1</AllowDiscount>
      <ItemStatus>1</ItemStatus>
    </Item>
    <Item>
      <PriceUpdateDate>2023-01-03 11:30</PriceUpdateDate>
      <ItemCode>7290017746258</ItemCode>
      <ItemType>1</ItemType>
      <ItemName>פרנה לחם מרוקאי 400 גרם</ItemName>
      <ManufacturerName>מאפיית דוראל</ManufacturerName>
      <ManufactureCountry>IL</ManufactureCountry>
      <ManufacturerItemDescription>פרנה לחם מרוקאי</ManufacturerItemDescription>
      <UnitQty>גרמים</UnitQty>
      <Quantity>400.00</Quantity>
      <bIsWeighted>0</bIsWeighted>
      <UnitOfMeasure>100 גרם</UnitOfMeasure>
      <QtyInPackage>1</QtyInPackage>
      <ItemPrice>16.90</ItemPrice>
      <UnitOfMeasurePrice>4.23</UnitOfMeasurePrice>
      <AllowDiscount>1</AllowDiscount>
      <ItemStatus>1</ItemStatus>
    </Item>
    <Item>
      <PriceUpdateDate>2022-05-13 11:26</PriceUpdateDate>
      <ItemCode>7290017812588</ItemCode>
      <ItemType>1</ItemType>
      <ItemName>תירוש מיץ ענבים לבן 1 ל'</ItemName>
      <ManufacturerName>יקבי כרמל</ManufacturerName>
      <ManufactureCountry>IL</ManufactureCountry>
      <ManufacturerItemDescription>מיץ תירוש לבן</ManufacturerItemDescription>
      <UnitQty>ליטרים</UnitQty>
      <Quantity>1.00</Quantity>
      <bIsWeighted>0</bIsWeighted>
      <UnitOfMeasure>ליטר</UnitOfMeasure>
      <QtyInPackage>1</QtyInPackage>
      <ItemPrice>21.90</ItemPrice>
      <UnitOfMeasurePrice>21.90</UnitOfMeasurePrice>
      <AllowDiscount>1</AllowDiscount>
      <ItemStatus>1</ItemStatus>
    </Item>
    <Item>
      <PriceUpdateDate>2021-03-07 15:49</PriceUpdateDate>
      <ItemCode>7290017907208</ItemCode>
      <ItemType>1</ItemType>
      <ItemName>קמח רב תכליתי 500 גרם</ItemName>
      <ManufacturerName>כללי</ManufacturerName>
      <ManufactureCountry>IL</ManufactureCountry>
      <ManufacturerItemDescription>קמח רב תכליתי</ManufacturerItemDescription>
      <UnitQty>גרמים</UnitQty>
      <Quantity>500.00</Quantity>
      <bIsWeighted>0</bIsWeighted>
      <UnitOfMeasure>100 גרם</UnitOfMeasure>
      <QtyInPackage>1</QtyInPackage>
      <ItemPrice>20.90</ItemPrice>
      <UnitOfMeasurePrice>4.18</UnitOfMeasurePrice>
      <AllowDiscount>1</AllowDiscount>
      <ItemStatus>1</ItemStatus>
    </Item>
    <Item>
      <PriceUpdateDate>2019-12-20 05:38</PriceUpdateDate>
      <ItemCode>7290017928821</ItemCode>
      <ItemType>1</ItemType>
      <ItemName>גריסיני קלאסי 200 גרם</ItemName>
      <ManufacturerName>מאיר בייגל</ManufacturerName>
      <ManufactureCountry>IL</ManufactureCountry>
      <ManufacturerItemDescription>גריסיני קלאסי</ManufacturerItemDescription>
      <UnitQty>גרמים</UnitQty>
      <Quantity>200.00</Quantity>
      <bIsWeighted>0</bIsWeighted>
      <UnitOfMeasure>100 גרם</UnitOfMeasure>
      <QtyInPackage>1</QtyInPackage>
      <ItemPrice>12.90</ItemPrice>
      <UnitOfMeasurePrice>6.45</UnitOfMeasurePrice>
      <AllowDiscount>1</AllowDiscount>
      <ItemStatus>1</ItemStatus>
    </Item>
    <Item>
      <PriceUpdateDate>2023-02-02 10:52</PriceUpdateDate>
      <ItemCode>7290018091906</ItemCode>
      <ItemType>1</ItemType>
      <ItemName>מאמאמיה פיצה נפוליטנה</ItemName>
      <ManufacturerName>מעדנות בע"\מ</ManufacturerName>
      <ManufactureCountry>IL</ManufactureCountry>
      <ManufacturerItemDescription>מאמאמיה פיצה</ManufacturerItemDescription>
      <UnitQty>גרמים</UnitQty>
      <Quantity>440.00</Quantity>
      <bIsWeighted>0</bIsWeighted>
      <UnitOfMeasure>100 גרם</UnitOfMeasure>
      <QtyInPackage>1</QtyInPackage>
      <ItemPrice>26.90</ItemPrice>
      <UnitOfMeasurePrice>6.11</UnitOfMeasurePrice>
      <AllowDiscount>1</AllowDiscount>
      <ItemStatus>1</ItemStatus>
    </Item>
    <Item>
      <PriceUpdateDate>2022-04-05 09:54</PriceUpdateDate>
      <ItemCode>7290018131855</ItemCode>
      <ItemType>1</ItemType>
      <ItemName>מאגדת אקסטרים בראוניז</ItemName>
      <ManufacturerName>גלידות נסטלה )נגה גלידות</ManufacturerName>
      <ManufactureCountry>IL</ManufactureCountry>
      <ManufacturerItemDescription>מאגדת אקסטרים בר</ManufacturerItemDescription>
      <UnitQty>גרמים</UnitQty>
      <Quantity>432.00</Quantity>
      <bIsWeighted>0</bIsWeighted>
      <UnitOfMeasure>100 גרם</UnitOfMeasure>
      <QtyInPackage>1</QtyInPackage>
      <ItemPrice>37.90</ItemPrice>
      <UnitOfMeasurePrice>8.77</UnitOfMeasurePrice>
      <AllowDiscount>1</AllowDiscount>
      <ItemStatus>1</ItemStatus>
    </Item>
    <Item>
      <PriceUpdateDate>2022-04-05 09:54</PriceUpdateDate>
      <ItemCode>7290018131893</ItemCode>
      <ItemType>1</ItemType>
      <ItemName>מאגדת אקסטרים פקאן 432 ג</ItemName>
      <ManufacturerName>גלידות נסטלה )נגה גלידות</ManufacturerName>
      <ManufactureCountry>IL</ManufactureCountry>
      <ManufacturerItemDescription>מאגדת אקסטרים</ManufacturerItemDescription>
      <UnitQty>גרמים</UnitQty>
      <Quantity>432.00</Quantity>
      <bIsWeighted>0</bIsWeighted>
      <UnitOfMeasure>100 גרם</UnitOfMeasure>
      <QtyInPackage>1</QtyInPackage>
      <ItemPrice>37.90</ItemPrice>
      <UnitOfMeasurePrice>8.77</UnitOfMeasurePrice>
      <AllowDiscount>1</AllowDiscount>
      <ItemStatus>1</ItemStatus>
    </Item>
    <Item>
      <PriceUpdateDate>2021-11-02 09:29</PriceUpdateDate>
      <ItemCode>7290018165447</ItemCode>
      <ItemType>1</ItemType>
      <ItemName>מרלו רזרב גולד 750 מ"ל</ItemName>
      <ManufacturerName>יקבי ברקן שיווק והפצה בע</ManufacturerName>
      <ManufactureCountry>IL</ManufactureCountry>
      <ManufacturerItemDescription>מרלו רזרב גולד</ManufacturerItemDescription>
      <UnitQty>מיליליטרים</UnitQty>
      <Quantity>750.00</Quantity>
      <bIsWeighted>0</bIsWeighted>
      <UnitOfMeasure>100 מ"ל</UnitOfMeasure>
      <QtyInPackage>1</QtyInPackage>
      <ItemPrice>54.90</ItemPrice>
      <UnitOfMeasurePrice>7.32</UnitOfMeasurePrice>
      <AllowDiscount>1</AllowDiscount>
      <ItemStatus>1</ItemStatus>
    </Item>
    <Item>
      <PriceUpdateDate>2023-02-21 09:14</PriceUpdateDate>
      <ItemCode>7290018236635</ItemCode>
      <ItemType>1</ItemType>
      <ItemName>צ'ונגו פופקורן מצופה</ItemName>
      <ManufacturerName>מוצרי עוף טוב (2001) בע\</ManufacturerName>
      <ManufactureCountry>IL</ManufactureCountry>
      <ManufacturerItemDescription>צ'ונגו פופקורן מ</ManufacturerItemDescription>
      <UnitQty>גרמים</UnitQty>
      <Quantity>600.00</Quantity>
      <bIsWeighted>0</bIsWeighted>
      <UnitOfMeasure>100 גרם</UnitOfMeasure>
      <QtyInPackage>1</QtyInPackage>
      <ItemPrice>44.90</ItemPrice>
      <UnitOfMeasurePrice>7.48</UnitOfMeasurePrice>
      <AllowDiscount>1</AllowDiscount>
      <ItemStatus>1</ItemStatus>
    </Item>
    <Item>
      <PriceUpdateDate>2023-03-31 07:49</PriceUpdateDate>
      <ItemCode>7290018471920</ItemCode>
      <ItemType>1</ItemType>
      <ItemName>שוופס מוגז ענבים 1.5ליטר</ItemName>
      <ManufacturerName>יפאורה תבורי בע"\מ</ManufacturerName>
      <ManufactureCountry>IL</ManufactureCountry>
      <ManufacturerItemDescription>שוופס ענבים</ManufacturerItemDescription>
      <UnitQty>ליטרים</UnitQty>
      <Quantity>1.50</Quantity>
      <bIsWeighted>0</bIsWeighted>
      <UnitOfMeasure>ליטר</UnitOfMeasure>
      <QtyInPackage>0</QtyInPackage>
      <ItemPrice>7.60</ItemPrice>
      <UnitOfMeasurePrice>5.07</UnitOfMeasurePrice>
      <AllowDiscount>1</AllowDiscount>
      <ItemStatus>1</ItemStatus>
    </Item>
    <Item>
      <PriceUpdateDate>2023-03-31 07:49</PriceUpdateDate>
      <ItemCode>7290018471937</ItemCode>
      <ItemType>1</ItemType>
      <ItemName>שוופס מוגז תות ליים 1.5ל</ItemName>
      <ManufacturerName>יפאורה תבורי בע"\מ</ManufacturerName>
      <ManufactureCountry>IL</ManufactureCountry>
      <ManufacturerItemDescription>שוופס מוגז תו</ManufacturerItemDescription>
      <UnitQty>ליטרים</UnitQty>
      <Quantity>1.50</Quantity>
      <bIsWeighted>0</bIsWeighted>
      <UnitOfMeasure>ליטר</UnitOfMeasure>
      <QtyInPackage>0</QtyInPackage>
      <ItemPrice>7.60</ItemPrice>
      <UnitOfMeasurePrice>5.07</UnitOfMeasurePrice>
      <AllowDiscount>1</AllowDiscount>
      <ItemStatus>1</ItemStatus>
    </Item>
    <Item>
      <PriceUpdateDate>2023-03-31 07:49</PriceUpdateDate>
      <ItemCode>7290018471944</ItemCode>
      <ItemType>1</ItemType>
      <ItemName>שוופס מוגז לימונייד 1.5ל</ItemName>
      <ManufacturerName>יפאורה תבורי בע"\מ</ManufacturerName>
      <ManufactureCountry>IL</ManufactureCountry>
      <ManufacturerItemDescription>שוופס לימוניי</ManufacturerItemDescription>
      <UnitQty>ליטרים</UnitQty>
      <Quantity>1.50</Quantity>
      <bIsWeighted>0</bIsWeighted>
      <UnitOfMeasure>ליטר</UnitOfMeasure>
      <QtyInPackage>0</QtyInPackage>
      <ItemPrice>7.60</ItemPrice>
      <UnitOfMeasurePrice>5.07</UnitOfMeasurePrice>
      <AllowDiscount>1</AllowDiscount>
      <ItemStatus>1</ItemStatus>
    </Item>
    <Item>
      <PriceUpdateDate>2022-07-08 05:39</PriceUpdateDate>
      <ItemCode>7290018516447</ItemCode>
      <ItemType>1</ItemType>
      <ItemName>ארוחת מקרוני+רוטב גב206</ItemName>
      <ManufacturerName>---</ManufacturerName>
      <ManufactureCountry>US</ManufactureCountry>
      <ManufacturerItemDescription>ארוחת מקרוני</ManufacturerItemDescription>
      <UnitQty>גרמים</UnitQty>
      <Quantity>206.00</Quantity>
      <bIsWeighted>0</bIsWeighted>
      <UnitOfMeasure>100 גרם</UnitOfMeasure>
      <QtyInPackage>1</QtyInPackage>
      <ItemPrice>12.90</ItemPrice>
      <UnitOfMeasurePrice>6.26</UnitOfMeasurePrice>
      <AllowDiscount>1</AllowDiscount>
      <ItemStatus>1</ItemStatus>
    </Item>
    <Item>
      <PriceUpdateDate>2023-03-05 08:54</PriceUpdateDate>
      <ItemCode>7290018652190</ItemCode>
      <ItemType>1</ItemType>
      <ItemName>חטיף גלידה קראנץ בר 60גר</ItemName>
      <ManufacturerName>---</ManufacturerName>
      <ManufactureCountry>IT</ManufactureCountry>
      <ManufacturerItemDescription>חטיף גלידה קראנץ</ManufacturerItemDescription>
      <UnitQty>יחידה</UnitQty>
      <Quantity>1.00</Quantity>
      <bIsWeighted>0</bIsWeighted>
      <UnitOfMeasure>יחידה</UnitOfMeasure>
      <QtyInPackage>1</QtyInPackage>
      <ItemPrice>11.00</ItemPrice>
      <UnitOfMeasurePrice>11.00</UnitOfMeasurePrice>
      <AllowDiscount>1</AllowDiscount>
      <ItemStatus>1</ItemStatus>
    </Item>
    <Item>
      <PriceUpdateDate>2022-03-14 01:00</PriceUpdateDate>
      <ItemCode>7290018652862</ItemCode>
      <ItemType>1</ItemType>
      <ItemName>באבל גאם מסטיק תות</ItemName>
      <ManufacturerName>---</ManufacturerName>
      <ManufactureCountry>IL</ManufactureCountry>
      <ManufacturerItemDescription>שלגון באבל גאם</ManufacturerItemDescription>
      <UnitQty>גרמים</UnitQty>
      <Quantity>60.00</Quantity>
      <bIsWeighted>0</bIsWeighted>
      <UnitOfMeasure>100 גרם</UnitOfMeasure>
      <QtyInPackage>1</QtyInPackage>
      <ItemPrice>8.00</ItemPrice>
      <UnitOfMeasurePrice>13.33</UnitOfMeasurePrice>
      <AllowDiscount>1</AllowDiscount>
      <ItemStatus>1</ItemStatus>
    </Item>
    <Item>
      <PriceUpdateDate>2022-05-26 10:58</PriceUpdateDate>
      <ItemCode>7290018825631</ItemCode>
      <ItemType>1</ItemType>
      <ItemName>תפוחי אדמה לבן</ItemName>
      <ManufacturerName>חבל מעון</ManufacturerName>
      <ManufactureCountry>IL</ManufactureCountry>
      <ManufacturerItemDescription>תפוח אדמה לבן</ManufacturerItemDescription>
      <UnitQty>קילוגרמים</UnitQty>
      <Quantity>0.00</Quantity>
      <bIsWeighted>1</bIsWeighted>
      <UnitOfMeasure>ק"ג</UnitOfMeasure>
      <QtyInPackage>1</QtyInPackage>
      <ItemPrice>4.90</ItemPrice>
      <UnitOfMeasurePrice>4.90</UnitOfMeasurePrice>
      <AllowDiscount>1</AllowDiscount>
      <ItemStatus>1</ItemStatus>
    </Item>
    <Item>
      <PriceUpdateDate>2023-03-31 07:49</PriceUpdateDate>
      <ItemCode>7290018989135</ItemCode>
      <ItemType>1</ItemType>
      <ItemName>סירופ בטעם פטל 1 ליטר</ItemName>
      <ManufacturerName>זנלכל בע"\מ</ManufacturerName>
      <ManufactureCountry>IL</ManufactureCountry>
      <ManufacturerItemDescription>סירופ בטעם פטל</ManufacturerItemDescription>
      <UnitQty>ליטרים</UnitQty>
      <Quantity>1.00</Quantity>
      <bIsWeighted>0</bIsWeighted>
      <UnitOfMeasure>ליטר</UnitOfMeasure>
      <QtyInPackage>1</QtyInPackage>
      <ItemPrice>14.30</ItemPrice>
      <UnitOfMeasurePrice>14.30</UnitOfMeasurePrice>
      <AllowDiscount>1</AllowDiscount>
      <ItemStatus>1</ItemStatus>
    </Item>
    <Item>
      <PriceUpdateDate>2022-03-18 05:38</PriceUpdateDate>
      <ItemCode>7290019014621</ItemCode>
      <ItemType>1</ItemType>
      <ItemName>מרכך כביסה לגונה 900 מ"ל</ItemName>
      <ManufacturerName>סאסאטק אגש"\ח בע"\מ</ManufacturerName>
      <ManufactureCountry>IL</ManufactureCountry>
      <ManufacturerItemDescription>מרכך כביסה לגונה</ManufacturerItemDescription>
      <UnitQty>מיליליטרים</UnitQty>
      <Quantity>900.00</Quantity>
      <bIsWeighted>0</bIsWeighted>
      <UnitOfMeasure>100 מ"ל</UnitOfMeasure>
      <QtyInPackage>1</QtyInPackage>
      <ItemPrice>19.90</ItemPrice>
      <UnitOfMeasurePrice>2.21</UnitOfMeasurePrice>
      <AllowDiscount>1</AllowDiscount>
      <ItemStatus>1</ItemStatus>
    </Item>
    <Item>
      <PriceUpdateDate>2022-03-18 05:38</PriceUpdateDate>
      <ItemCode>7290019014652</ItemCode>
      <ItemType>1</ItemType>
      <ItemName>מרכך כביסה בייבי לאב900מ</ItemName>
      <ManufacturerName>סאסאטק אגש"\ח בע"\מ</ManufacturerName>
      <ManufactureCountry>IL</ManufactureCountry>
      <ManufacturerItemDescription>מרכך כביסה בייבי</ManufacturerItemDescription>
      <UnitQty>מיליליטרים</UnitQty>
      <Quantity>900.00</Quantity>
      <bIsWeighted>0</bIsWeighted>
      <UnitOfMeasure>100 מ"ל</UnitOfMeasure>
      <QtyInPackage>1</QtyInPackage>
      <ItemPrice>24.90</ItemPrice>
      <UnitOfMeasurePrice>2.77</UnitOfMeasurePrice>
      <AllowDiscount>1</AllowDiscount>
      <ItemStatus>1</ItemStatus>
    </Item>
    <Item>
      <PriceUpdateDate>2022-03-18 05:38</PriceUpdateDate>
      <ItemCode>7290019014669</ItemCode>
      <ItemType>1</ItemType>
      <ItemName>ג'ל לכביסה צבעונית 1.35ל</ItemName>
      <ManufacturerName>סאסאטק אגש"\ח בע"\מ</ManufacturerName>
      <ManufactureCountry>IL</ManufactureCountry>
      <ManufacturerItemDescription>ג'ל לכביסה ירוק</ManufacturerItemDescription>
      <UnitQty>ליטרים</UnitQty>
      <Quantity>1.35</Quantity>
      <bIsWeighted>0</bIsWeighted>
      <UnitOfMeasure>ליטר</UnitOfMeasure>
      <QtyInPackage>1</QtyInPackage>
      <ItemPrice>29.90</ItemPrice>
      <UnitOfMeasurePrice>22.15</UnitOfMeasurePrice>
      <AllowDiscount>1</AllowDiscount>
      <ItemStatus>1</ItemStatus>
    </Item>
    <Item>
      <PriceUpdateDate>2023-03-31 07:49</PriceUpdateDate>
      <ItemCode>7290019056041</ItemCode>
      <ItemType>1</ItemType>
      <ItemName>שוופס למונייד ל.סוכר1.5ל</ItemName>
      <ManufacturerName>יפאורה תבורי</ManufacturerName>
      <ManufactureCountry>IL</ManufactureCountry>
      <ManufacturerItemDescription>שוופס למונייד</ManufacturerItemDescription>
      <UnitQty>ליטרים</UnitQty>
      <Quantity>1.50</Quantity>
      <bIsWeighted>0</bIsWeighted>
      <UnitOfMeasure>ליטר</UnitOfMeasure>
      <QtyInPackage>0</QtyInPackage>
      <ItemPrice>7.60</ItemPrice>
      <UnitOfMeasurePrice>5.07</UnitOfMeasurePrice>
      <AllowDiscount>1</AllowDiscount>
      <ItemStatus>1</ItemStatus>
    </Item>
    <Item>
      <PriceUpdateDate>2023-03-31 07:49</PriceUpdateDate>
      <ItemCode>7290019056065</ItemCode>
      <ItemType>1</ItemType>
      <ItemName>שוופס מוגז עדין פ.יער1.5</ItemName>
      <ManufacturerName>יפאורה תבורי בע"\מ</ManufacturerName>
      <ManufactureCountry>IL</ManufactureCountry>
      <ManufacturerItemDescription>שוופס מוגז</ManufacturerItemDescription>
      <UnitQty>ליטרים</UnitQty>
      <Quantity>1.50</Quantity>
      <bIsWeighted>0</bIsWeighted>
      <UnitOfMeasure>ליטר</UnitOfMeasure>
      <QtyInPackage>0</QtyInPackage>
      <ItemPrice>7.60</ItemPrice>
      <UnitOfMeasurePrice>5.07</UnitOfMeasurePrice>
      <AllowDiscount>1</AllowDiscount>
      <ItemStatus>1</ItemStatus>
    </Item>
    <Item>
      <PriceUpdateDate>2023-03-31 07:49</PriceUpdateDate>
      <ItemCode>7290019056249</ItemCode>
      <ItemType>1</ItemType>
      <ItemName>שוופס מים טעם ענבים 1.5ל</ItemName>
      <ManufacturerName>יפאורה תבורי בעמ</ManufacturerName>
      <ManufactureCountry>IL</ManufactureCountry>
      <ManufacturerItemDescription>מים בטעם ענבי</ManufacturerItemDescription>
      <UnitQty>ליטרים</UnitQty>
      <Quantity>1.50</Quantity>
      <bIsWeighted>0</bIsWeighted>
      <UnitOfMeasure>ליטר</UnitOfMeasure>
      <QtyInPackage>0</QtyInPackage>
      <ItemPrice>7.70</ItemPrice>
      <UnitOfMeasurePrice>5.13</UnitOfMeasurePrice>
      <AllowDiscount>1</AllowDiscount>
      <ItemStatus>1</ItemStatus>
    </Item>
    <Item>
      <PriceUpdateDate>2023-03-31 07:49</PriceUpdateDate>
      <ItemCode>7290019056331</ItemCode>
      <ItemType>1</ItemType>
      <ItemName>שוופס טוניק ללא סוכר1.5ל</ItemName>
      <ManufacturerName>יפאורה תבורי בעמ</ManufacturerName>
      <ManufactureCountry>IL</ManufactureCountry>
      <ManufacturerItemDescription>מי טוניק ל.סו</ManufacturerItemDescription>
      <UnitQty>ליטרים</UnitQty>
      <Quantity>1.50</Quantity>
      <bIsWeighted>0</bIsWeighted>
      <UnitOfMeasure>ליטר</UnitOfMeasure>
      <QtyInPackage>0</QtyInPackage>
      <ItemPrice>10.60</ItemPrice>
      <UnitOfMeasurePrice>7.07</UnitOfMeasurePrice>
      <AllowDiscount>1</AllowDiscount>
      <ItemStatus>1</ItemStatus>
    </Item>
    <Item>
      <PriceUpdateDate>2023-03-31 07:49</PriceUpdateDate>
      <ItemCode>7290019056591</ItemCode>
      <ItemType>1</ItemType>
      <ItemName>ספרינג ענבים 1.5 ליטר</ItemName>
      <ManufacturerName>יפאורה תבורי בע"\מ</ManufacturerName>
      <ManufactureCountry>IL</ManufactureCountry>
      <ManufacturerItemDescription>ספרינג ענבים</ManufacturerItemDescription>
      <UnitQty>ליטרים</UnitQty>
      <Quantity>1.50</Quantity>
      <bIsWeighted>0</bIsWeighted>
      <UnitOfMeasure>ליטר</UnitOfMeasure>
      <QtyInPackage>0</QtyInPackage>
      <ItemPrice>7.30</ItemPrice>
      <UnitOfMeasurePrice>4.87</UnitOfMeasurePrice>
      <AllowDiscount>1</AllowDiscount>
      <ItemStatus>1</ItemStatus>
    </Item>
    <Item>
      <PriceUpdateDate>2023-03-31 07:49</PriceUpdateDate>
      <ItemCode>7290019056607</ItemCode>
      <ItemType>1</ItemType>
      <ItemName>ספרינג מיץ תפוחים 1.5 ל'</ItemName>
      <ManufacturerName>יפאורה תבורי בע"\מ</ManufacturerName>
      <ManufactureCountry>IL</ManufactureCountry>
      <ManufacturerItemDescription>ספרינג תפוחים</ManufacturerItemDescription>
      <UnitQty>ליטרים</UnitQty>
      <Quantity>1.50</Quantity>
      <bIsWeighted>0</bIsWeighted>
      <UnitOfMeasure>ליטר</UnitOfMeasure>
      <QtyInPackage>0</QtyInPackage>
      <ItemPrice>7.30</ItemPrice>
      <UnitOfMeasurePrice>4.87</UnitOfMeasurePrice>
      <AllowDiscount>1</AllowDiscount>
      <ItemStatus>1</ItemStatus>
    </Item>
    <Item>
      <PriceUpdateDate>2023-03-31 07:49</PriceUpdateDate>
      <ItemCode>7290019056638</ItemCode>
      <ItemType>1</ItemType>
      <ItemName>ספרינג תות-בננה 1.5 ליטר</ItemName>
      <ManufacturerName>יפאורה תבורי בע"\מ</ManufacturerName>
      <ManufactureCountry>IL</ManufactureCountry>
      <ManufacturerItemDescription>ספרינג תות בנ</ManufacturerItemDescription>
      <UnitQty>ליטרים</UnitQty>
      <Quantity>1.50</Quantity>
      <bIsWeighted>0</bIsWeighted>
      <UnitOfMeasure>ליטר</UnitOfMeasure>
      <QtyInPackage>0</QtyInPackage>
      <ItemPrice>7.30</ItemPrice>
      <UnitOfMeasurePrice>4.87</UnitOfMeasurePrice>
      <AllowDiscount>1</AllowDiscount>
      <ItemStatus>1</ItemStatus>
    </Item>
    <Item>
      <PriceUpdateDate>2023-03-31 07:49</PriceUpdateDate>
      <ItemCode>7290019056652</ItemCode>
      <ItemType>1</ItemType>
      <ItemName>ספרינג אננס בננה1.5 ליטר</ItemName>
      <ManufacturerName>יפאורה תבורי בע"\מ</ManufacturerName>
      <ManufactureCountry>IL</ManufactureCountry>
      <ManufacturerItemDescription>ספרינג אננס ב</ManufacturerItemDescription>
      <UnitQty>ליטרים</UnitQty>
      <Quantity>1.50</Quantity>
      <bIsWeighted>0</bIsWeighted>
      <UnitOfMeasure>ליטר</UnitOfMeasure>
      <QtyInPackage>0</QtyInPackage>
      <ItemPrice>7.30</ItemPrice>
      <UnitOfMeasurePrice>4.87</UnitOfMeasurePrice>
      <AllowDiscount>1</AllowDiscount>
      <ItemStatus>1</ItemStatus>
    </Item>
    <Item>
      <PriceUpdateDate>2022-02-03 07:34</PriceUpdateDate>
      <ItemCode>7290019056973</ItemCode>
      <ItemType>1</ItemType>
      <ItemName>מים מינרליים מי עדן1.5*6</ItemName>
      <ManufacturerName>מופק ממקור בזלתי עדן ,1</ManufacturerName>
      <ManufactureCountry>IL</ManufactureCountry>
      <ManufacturerItemDescription>מי עדן 1.5*6ל</ManufacturerItemDescription>
      <UnitQty>ליטרים</UnitQty>
      <Quantity>9.00</Quantity>
      <bIsWeighted>0</bIsWeighted>
      <UnitOfMeasure>ליטר</UnitOfMeasure>
      <QtyInPackage>0</QtyInPackage>
      <ItemPrice>14.90</ItemPrice>
      <UnitOfMeasurePrice>1.66</UnitOfMeasurePrice>
      <AllowDiscount>1</AllowDiscount>
      <ItemStatus>1</ItemStatus>
    </Item>
    <Item>
      <PriceUpdateDate>2022-12-09 00:15</PriceUpdateDate>
      <ItemCode>7290019075295</ItemCode>
      <ItemType>1</ItemType>
      <ItemName>אפקטיב קר שיבולת שועל</ItemName>
      <ManufacturerName>פישר מעבדות פרמצבטיות בע</ManufacturerName>
      <ManufactureCountry>IL</ManufactureCountry>
      <ManufacturerItemDescription>אפקטיב קר רכות</ManufacturerItemDescription>
      <UnitQty>מיליליטרים</UnitQty>
      <Quantity>350.00</Quantity>
      <bIsWeighted>0</bIsWeighted>
      <UnitOfMeasure>100 מ"ל</UnitOfMeasure>
      <QtyInPackage>1</QtyInPackage>
      <ItemPrice>12.90</ItemPrice>
      <UnitOfMeasurePrice>3.69</UnitOfMeasurePrice>
      <AllowDiscount>1</AllowDiscount>
      <ItemStatus>1</ItemStatus>
    </Item>
    <Item>
      <PriceUpdateDate>2023-03-31 07:49</PriceUpdateDate>
      <ItemCode>7290019153702</ItemCode>
      <ItemType>1</ItemType>
      <ItemName>ספרינג לימונענע 1.5 ליטר</ItemName>
      <ManufacturerName>יפאורה תבורי בע"\מ</ManufacturerName>
      <ManufactureCountry>IL</ManufactureCountry>
      <ManufacturerItemDescription>ספרינג לימונענע</ManufacturerItemDescription>
      <UnitQty>ליטרים</UnitQty>
      <Quantity>1.50</Quantity>
      <bIsWeighted>0</bIsWeighted>
      <UnitOfMeasure>ליטר</UnitOfMeasure>
      <QtyInPackage>1</QtyInPackage>
      <ItemPrice>7.30</ItemPrice>
      <UnitOfMeasurePrice>4.87</UnitOfMeasurePrice>
      <AllowDiscount>1</AllowDiscount>
      <ItemStatus>1</ItemStatus>
    </Item>
    <Item>
      <PriceUpdateDate>2022-06-03 05:47</PriceUpdateDate>
      <ItemCode>7290019233008</ItemCode>
      <ItemType>1</ItemType>
      <ItemName>רוטב שקשוקה ארטישוק420גר</ItemName>
      <ManufacturerName>ויסוצקי</ManufacturerName>
      <ManufactureCountry>IL</ManufactureCountry>
      <ManufacturerItemDescription>רוטב לשקשוקה</ManufacturerItemDescription>
      <UnitQty>גרמים</UnitQty>
      <Quantity>420.00</Quantity>
      <bIsWeighted>0</bIsWeighted>
      <UnitOfMeasure>100 גרם</UnitOfMeasure>
      <QtyInPackage>1</QtyInPackage>
      <ItemPrice>14.90</ItemPrice>
      <UnitOfMeasurePrice>3.55</UnitOfMeasurePrice>
      <AllowDiscount>1</AllowDiscount>
      <ItemStatus>1</ItemStatus>
    </Item>
    <Item>
      <PriceUpdateDate>2023-01-25 18:19</PriceUpdateDate>
      <ItemCode>7290100246023</ItemCode>
      <ItemType>1</ItemType>
      <ItemName>כריות כשל"פ 500 גרם</ItemName>
      <ManufacturerName>יוניליוור שפע ישראל בע"\</ManufacturerName>
      <ManufactureCountry>IL</ManufactureCountry>
      <ManufacturerItemDescription>כריות כשל"פ</ManufacturerItemDescription>
      <UnitQty>גרמים</UnitQty>
      <Quantity>500.00</Quantity>
      <bIsWeighted>0</bIsWeighted>
      <UnitOfMeasure>100 גרם</UnitOfMeasure>
      <QtyInPackage>0</QtyInPackage>
      <ItemPrice>29.50</ItemPrice>
      <UnitOfMeasurePrice>5.90</UnitOfMeasurePrice>
      <AllowDiscount>1</AllowDiscount>
      <ItemStatus>1</ItemStatus>
    </Item>
    <Item>
      <PriceUpdateDate>2023-04-14 09:13</PriceUpdateDate>
      <ItemCode>7290100249086</ItemCode>
      <ItemType>1</ItemType>
      <ItemName>קליק נוגט לבן כשל"פ35גרם</ItemName>
      <ManufacturerName>דרך השוקולד ,1 צפת 13404</ManufacturerName>
      <ManufactureCountry>IL</ManufactureCountry>
      <ManufacturerItemDescription>חטיף קליק</ManufacturerItemDescription>
      <UnitQty>גרמים</UnitQty>
      <Quantity>35.00</Quantity>
      <bIsWeighted>0</bIsWeighted>
      <UnitOfMeasure>100 גרם</UnitOfMeasure>
      <QtyInPackage>1</QtyInPackage>
      <ItemPrice>5.70</ItemPrice>
      <UnitOfMeasurePrice>16.29</UnitOfMeasurePrice>
      <AllowDiscount>1</AllowDiscount>
      <ItemStatus>1</ItemStatus>
    </Item>
    <Item>
      <PriceUpdateDate>2023-01-25 18:19</PriceUpdateDate>
      <ItemCode>7290100249659</ItemCode>
      <ItemType>1</ItemType>
      <ItemName>רוטב לעוף צ'ילי שום320גר</ItemName>
      <ManufacturerName>יוניליוור ישראל מזון בע\</ManufacturerName>
      <ManufactureCountry>IL</ManufactureCountry>
      <ManufacturerItemDescription>רוטב לעוף</ManufacturerItemDescription>
      <UnitQty>גרמים</UnitQty>
      <Quantity>320.00</Quantity>
      <bIsWeighted>0</bIsWeighted>
      <UnitOfMeasure>100 גרם</UnitOfMeasure>
      <QtyInPackage>0</QtyInPackage>
      <ItemPrice>13.10</ItemPrice>
      <UnitOfMeasurePrice>4.09</UnitOfMeasurePrice>
      <AllowDiscount>1</AllowDiscount>
      <ItemStatus>1</ItemStatus>
    </Item>
    <Item>
      <PriceUpdateDate>2023-02-15 16:18</PriceUpdateDate>
      <ItemCode>7290100700587</ItemCode>
      <ItemType>1</ItemType>
      <ItemName>בורגול 500 גרם</ItemName>
      <ManufacturerName>סוגת תעשיות בע"\מ</ManufacturerName>
      <ManufactureCountry>IL</ManufactureCountry>
      <ManufacturerItemDescription>בורגול 500 גרם</ManufacturerItemDescription>
      <UnitQty>גרמים</UnitQty>
      <Quantity>500.00</Quantity>
      <bIsWeighted>0</bIsWeighted>
      <UnitOfMeasure>100 גרם</UnitOfMeasure>
      <QtyInPackage>0</QtyInPackage>
      <ItemPrice>7.50</ItemPrice>
      <UnitOfMeasurePrice>1.50</UnitOfMeasurePrice>
      <AllowDiscount>1</AllowDiscount>
      <ItemStatus>1</ItemStatus>
    </Item>
    <Item>
      <PriceUpdateDate>2018-11-19 07:51</PriceUpdateDate>
      <ItemCode>7290100703007</ItemCode>
      <ItemType>1</ItemType>
      <ItemName>עדשים שחורות בלוגה 500ג</ItemName>
      <ManufacturerName>סוגת תעשיות בע"\מ</ManufacturerName>
      <ManufactureCountry>IL</ManufactureCountry>
      <ManufacturerItemDescription>עדשים שחורות</ManufacturerItemDescription>
      <UnitQty>גרמים</UnitQty>
      <Quantity>500.00</Quantity>
      <bIsWeighted>0</bIsWeighted>
      <UnitOfMeasure>100 גרם</UnitOfMeasure>
      <QtyInPackage>1</QtyInPackage>
      <ItemPrice>9.90</ItemPrice>
      <UnitOfMeasurePrice>1.98</UnitOfMeasurePrice>
      <AllowDiscount>1</AllowDiscount>
      <ItemStatus>1</ItemStatus>
    </Item>
    <Item>
      <PriceUpdateDate>2018-11-19 07:51</PriceUpdateDate>
      <ItemCode>7290100858608</ItemCode>
      <ItemType>1</ItemType>
      <ItemName>קקאו עלית 500 גרם</ItemName>
      <ManufacturerName>שטראוס קפה בי.ויn\.</ManufacturerName>
      <ManufactureCountry>IL</ManufactureCountry>
      <ManufacturerItemDescription>קקאו עלית</ManufacturerItemDescription>
      <UnitQty>גרמים</UnitQty>
      <Quantity>500.00</Quantity>
      <bIsWeighted>0</bIsWeighted>
      <UnitOfMeasure>100 גרם</UnitOfMeasure>
      <QtyInPackage>0</QtyInPackage>
      <ItemPrice>26.90</ItemPrice>
      <UnitOfMeasurePrice>5.38</UnitOfMeasurePrice>
      <AllowDiscount>1</AllowDiscount>
      <ItemStatus>1</ItemStatus>
    </Item>
    <Item>
      <PriceUpdateDate>2022-10-24 09:49</PriceUpdateDate>
      <ItemCode>7290103401429</ItemCode>
      <ItemType>1</ItemType>
      <ItemName>קפה פלטינום ברזילאי 200</ItemName>
      <ManufacturerName>עלית</ManufacturerName>
      <ManufactureCountry>IL</ManufactureCountry>
      <ManufacturerItemDescription>קפה פלטינום</ManufacturerItemDescription>
      <UnitQty>גרמים</UnitQty>
      <Quantity>200.00</Quantity>
      <bIsWeighted>0</bIsWeighted>
      <UnitOfMeasure>100 גרם</UnitOfMeasure>
      <QtyInPackage>0</QtyInPackage>
      <ItemPrice>28.90</ItemPrice>
      <UnitOfMeasurePrice>14.45</UnitOfMeasurePrice>
      <AllowDiscount>1</AllowDiscount>
      <ItemStatus>1</ItemStatus>
    </Item>
    <Item>
      <PriceUpdateDate>2018-11-19 07:49</PriceUpdateDate>
      <ItemCode>7290104061417</ItemCode>
      <ItemType>1</ItemType>
      <ItemName>חומוס עם טחינה אחלה 400ג</ItemName>
      <ManufacturerName>שטראוס גרופ בע"\מ</ManufacturerName>
      <ManufactureCountry>IL</ManufactureCountry>
      <ManufacturerItemDescription>חומוס טחינה אחלה</ManufacturerItemDescription>
      <UnitQty>גרמים</UnitQty>
      <Quantity>400.00</Quantity>
      <bIsWeighted>0</bIsWeighted>
      <UnitOfMeasure>100 גרם</UnitOfMeasure>
      <QtyInPackage>0</QtyInPackage>
      <ItemPrice>11.90</ItemPrice>
      <UnitOfMeasurePrice>2.98</UnitOfMeasurePrice>
      <AllowDiscount>1</AllowDiscount>
      <ItemStatus>1</ItemStatus>
    </Item>
    <Item>
      <PriceUpdateDate>2018-11-19 07:49</PriceUpdateDate>
      <ItemCode>7290104061448</ItemCode>
      <ItemType>1</ItemType>
      <ItemName>חומוס עם חריף אחלה 400 ג</ItemName>
      <ManufacturerName>שטראוס גרופ בע"\מ</ManufacturerName>
      <ManufactureCountry>IL</ManufactureCountry>
      <ManufacturerItemDescription>חומוס חריף אחלה</ManufacturerItemDescription>
      <UnitQty>גרמים</UnitQty>
      <Quantity>400.00</Quantity>
      <bIsWeighted>0</bIsWeighted>
      <UnitOfMeasure>100 גרם</UnitOfMeasure>
      <QtyInPackage>0</QtyInPackage>
      <ItemPrice>11.90</ItemPrice>
      <UnitOfMeasurePrice>2.98</UnitOfMeasurePrice>
      <AllowDiscount>1</AllowDiscount>
      <ItemStatus>1</ItemStatus>
    </Item>
    <Item>
      <PriceUpdateDate>2019-02-26 06:32</PriceUpdateDate>
      <ItemCode>7290104506819</ItemCode>
      <ItemType>1</ItemType>
      <ItemName>קראנץ' רולס כשל"פ 370גרם</ItemName>
      <ManufacturerName>אסם</ManufacturerName>
      <ManufactureCountry>IL</ManufactureCountry>
      <ManufacturerItemDescription>קראנץ רולס כשל"פ</ManufacturerItemDescription>
      <UnitQty>גרמים</UnitQty>
      <Quantity>370.00</Quantity>
      <bIsWeighted>0</bIsWeighted>
      <UnitOfMeasure>100 גרם</UnitOfMeasure>
      <QtyInPackage>0</QtyInPackage>
      <ItemPrice>26.90</ItemPrice>
      <UnitOfMeasurePrice>7.27</UnitOfMeasurePrice>
      <AllowDiscount>1</AllowDiscount>
      <ItemStatus>1</ItemStatus>
    </Item>
    <Item>
      <PriceUpdateDate>2022-12-21 09:42</PriceUpdateDate>
      <ItemCode>7290104726712</ItemCode>
      <ItemType>1</ItemType>
      <ItemName>מארז מילקי ט.שוקולד170*8</ItemName>
      <ManufacturerName>שטראוס גרופ בע"\מ</ManufacturerName>
      <ManufactureCountry>IL</ManufactureCountry>
      <ManufacturerItemDescription>מארז מילקי 8 יח'</ManufacturerItemDescription>
      <UnitQty>ליטרים</UnitQty>
      <Quantity>1.36</Quantity>
      <bIsWeighted>0</bIsWeighted>
      <UnitOfMeasure>ליטר</UnitOfMeasure>
      <QtyInPackage>0</QtyInPackage>
      <ItemPrice>22.10</ItemPrice>
      <UnitOfMeasurePrice>16.25</UnitOfMeasurePrice>
      <AllowDiscount>1</AllowDiscount>
      <ItemStatus>1</ItemStatus>
    </Item>
    <Item>
      <PriceUpdateDate>2023-04-11 05:10</PriceUpdateDate>
      <ItemCode>7290104960253</ItemCode>
      <ItemType>1</ItemType>
      <ItemName>סבון נקה7 ארומה לבנדר750</ItemName>
      <ManufacturerName>טרופיקל דגיל תעשיות קוסמ</ManufacturerName>
      <ManufactureCountry>IL</ManufactureCountry>
      <ManufacturerItemDescription>תחליב רחצה נקה 7</ManufacturerItemDescription>
      <UnitQty>מיליליטרים</UnitQty>
      <Quantity>750.00</Quantity>
      <bIsWeighted>0</bIsWeighted>
      <UnitOfMeasure>100 מ"ל</UnitOfMeasure>
      <QtyInPackage>0</QtyInPackage>
      <ItemPrice>10.00</ItemPrice>
      <UnitOfMeasurePrice>1.34</UnitOfMeasurePrice>
      <AllowDiscount>1</AllowDiscount>
      <ItemStatus>1</ItemStatus>
    </Item>
    <Item>
      <PriceUpdateDate>2018-11-19 07:51</PriceUpdateDate>
      <ItemCode>7290105362377</ItemCode>
      <ItemType>1</ItemType>
      <ItemName>כיף כף מגדים 45 גרם</ItemName>
      <ManufacturerName>עלית</ManufacturerName>
      <ManufactureCountry>IL</ManufactureCountry>
      <ManufacturerItemDescription>כיף כף מגדים 45ג</ManufacturerItemDescription>
      <UnitQty>גרמים</UnitQty>
      <Quantity>45.00</Quantity>
      <bIsWeighted>0</bIsWeighted>
      <UnitOfMeasure>100 גרם</UnitOfMeasure>
      <QtyInPackage>0</QtyInPackage>
      <ItemPrice>4.50</ItemPrice>
      <UnitOfMeasurePrice>10.00</UnitOfMeasurePrice>
      <AllowDiscount>1</AllowDiscount>
      <ItemStatus>1</ItemStatus>
    </Item>
    <Item>
      <PriceUpdateDate>2022-12-21 09:42</PriceUpdateDate>
      <ItemCode>7290105368904</ItemCode>
      <ItemType>1</ItemType>
      <ItemName>שמנת מתוקה להקצפה32% 250</ItemName>
      <ManufacturerName>מחלבת יטבתה</ManufacturerName>
      <ManufactureCountry>IL</ManufactureCountry>
      <ManufacturerItemDescription>שמנת מתוקה32%</ManufacturerItemDescription>
      <UnitQty>מיליליטרים</UnitQty>
      <Quantity>250.00</Quantity>
      <bIsWeighted>0</bIsWeighted>
      <UnitOfMeasure>100 מ"ל</UnitOfMeasure>
      <QtyInPackage>0</QtyInPackage>
      <ItemPrice>8.20</ItemPrice>
      <UnitOfMeasurePrice>3.28</UnitOfMeasurePrice>
      <AllowDiscount>1</AllowDiscount>
      <ItemStatus>1</ItemStatus>
    </Item>
    <Item>
      <PriceUpdateDate>2018-11-19 07:49</PriceUpdateDate>
      <ItemCode>7290105369130</ItemCode>
      <ItemType>1</ItemType>
      <ItemName>סימפוניה בצל ירוק5% 200ג</ItemName>
      <ManufacturerName>שטראוס בריאות בע"\מ</ManufacturerName>
      <ManufactureCountry>IL</ManufactureCountry>
      <ManufacturerItemDescription>גבינת סימפוניה</ManufacturerItemDescription>
      <UnitQty>גרמים</UnitQty>
      <Quantity>200.00</Quantity>
      <bIsWeighted>0</bIsWeighted>
      <UnitOfMeasure>100 גרם</UnitOfMeasure>
      <QtyInPackage>0</QtyInPackage>
      <ItemPrice>12.40</ItemPrice>
      <UnitOfMeasurePrice>6.20</UnitOfMeasurePrice>
      <AllowDiscount>1</AllowDiscount>
      <ItemStatus>1</ItemStatus>
    </Item>
    <Item>
      <PriceUpdateDate>2023-01-03 11:29</PriceUpdateDate>
      <ItemCode>7290105691248</ItemCode>
      <ItemType>1</ItemType>
      <ItemName>קריספי טורטיה תירס 60 גר</ItemName>
      <ManufacturerName>פרח תעשיות מזון בע"מ.</ManufacturerName>
      <ManufactureCountry>IL</ManufactureCountry>
      <ManufacturerItemDescription>קריספי טורטיה</ManufacturerItemDescription>
      <UnitQty>גרמים</UnitQty>
      <Quantity>60.00</Quantity>
      <bIsWeighted>0</bIsWeighted>
      <UnitOfMeasure>100 גרם</UnitOfMeasure>
      <QtyInPackage>0</QtyInPackage>
      <ItemPrice>8.60</ItemPrice>
      <UnitOfMeasurePrice>14.33</UnitOfMeasurePrice>
      <AllowDiscount>1</AllowDiscount>
      <ItemStatus>1</ItemStatus>
    </Item>
    <Item>
      <PriceUpdateDate>2023-04-16 10:30</PriceUpdateDate>
      <ItemCode>7290105692511</ItemCode>
      <ItemType>1</ItemType>
      <ItemName>עוגת הבית שיש כשל"פ350גר</ItemName>
      <ManufacturerName>אסם השקעות בע"\מ</ManufacturerName>
      <ManufactureCountry>IL</ManufactureCountry>
      <ManufacturerItemDescription>עוגת שיש</ManufacturerItemDescription>
      <UnitQty>גרמים</UnitQty>
      <Quantity>350.00</Quantity>
      <bIsWeighted>0</bIsWeighted>
      <UnitOfMeasure>100 גרם</UnitOfMeasure>
      <QtyInPackage>0</QtyInPackage>
      <ItemPrice>7.90</ItemPrice>
      <UnitOfMeasurePrice>2.26</UnitOfMeasurePrice>
      <AllowDiscount>1</AllowDiscount>
      <ItemStatus>1</ItemStatus>
    </Item>
    <Item>
      <PriceUpdateDate>2023-04-16 10:30</PriceUpdateDate>
      <ItemCode>7290105692535</ItemCode>
      <ItemType>1</ItemType>
      <ItemName>עוגת שוקו שוקוצ'יפס350גר</ItemName>
      <ManufacturerName>אסם השקעות בע"\מ</ManufacturerName>
      <ManufactureCountry>IL</ManufactureCountry>
      <ManufacturerItemDescription>עוגת שוקוצ'יפס</ManufacturerItemDescription>
      <UnitQty>גרמים</UnitQty>
      <Quantity>350.00</Quantity>
      <bIsWeighted>0</bIsWeighted>
      <UnitOfMeasure>100 גרם</UnitOfMeasure>
      <QtyInPackage>0</QtyInPackage>
      <ItemPrice>7.90</ItemPrice>
      <UnitOfMeasurePrice>2.26</UnitOfMeasurePrice>
      <AllowDiscount>1</AllowDiscount>
      <ItemStatus>1</ItemStatus>
    </Item>
    <Item>
      <PriceUpdateDate>2022-12-21 09:42</PriceUpdateDate>
      <ItemCode>7290106520912</ItemCode>
      <ItemType>1</ItemType>
      <ItemName>שמנת לבישול 9% 250 מ"ל</ItemName>
      <ManufacturerName>מחלבת יטבתה</ManufacturerName>
      <ManufactureCountry>IL</ManufactureCountry>
      <ManufacturerItemDescription>שמנת לבישול 9%</ManufacturerItemDescription>
      <UnitQty>מיליליטרים</UnitQty>
      <Quantity>250.00</Quantity>
      <bIsWeighted>0</bIsWeighted>
      <UnitOfMeasure>100 מ"ל</UnitOfMeasure>
      <QtyInPackage>0</QtyInPackage>
      <ItemPrice>9.10</ItemPrice>
      <UnitOfMeasurePrice>3.64</UnitOfMeasurePrice>
      <AllowDiscount>1</AllowDiscount>
      <ItemStatus>1</ItemStatus>
    </Item>
    <Item>
      <PriceUpdateDate>2023-03-05 09:04</PriceUpdateDate>
      <ItemCode>7290106526822</ItemCode>
      <ItemType>1</ItemType>
      <ItemName>פריכיות תחתית חלב 80גרם</ItemName>
      <ManufacturerName>שטראוס גרופ בע"\מ</ManufacturerName>
      <ManufactureCountry>IL</ManufactureCountry>
      <ManufacturerItemDescription>פריכיות</ManufacturerItemDescription>
      <UnitQty>גרמים</UnitQty>
      <Quantity>80.00</Quantity>
      <bIsWeighted>0</bIsWeighted>
      <UnitOfMeasure>100 גרם</UnitOfMeasure>
      <QtyInPackage>0</QtyInPackage>
      <ItemPrice>9.50</ItemPrice>
      <UnitOfMeasurePrice>11.88</UnitOfMeasurePrice>
      <AllowDiscount>1</AllowDiscount>
      <ItemStatus>1</ItemStatus>
    </Item>
    <Item>
      <PriceUpdateDate>2022-04-05 09:54</PriceUpdateDate>
      <ItemCode>7290106571037</ItemCode>
      <ItemType>1</ItemType>
      <ItemName>מאגדת גומיגם 5יח</ItemName>
      <ManufacturerName>גלידות נסטלה )נגה גלידות</ManufacturerName>
      <ManufactureCountry>IL</ManufactureCountry>
      <ManufacturerItemDescription>מאגדת גומיגם</ManufacturerItemDescription>
      <UnitQty>גרמים</UnitQty>
      <Quantity>450.00</Quantity>
      <bIsWeighted>0</bIsWeighted>
      <UnitOfMeasure>100 גרם</UnitOfMeasure>
      <QtyInPackage>0</QtyInPackage>
      <ItemPrice>31.90</ItemPrice>
      <UnitOfMeasurePrice>7.09</UnitOfMeasurePrice>
      <AllowDiscount>1</AllowDiscount>
      <ItemStatus>1</ItemStatus>
    </Item>
    <Item>
      <PriceUpdateDate>2023-03-05 09:04</PriceUpdateDate>
      <ItemCode>7290106572027</ItemCode>
      <ItemType>1</ItemType>
      <ItemName>לחמית חמישה דגנים 190גרם</ItemName>
      <ManufacturerName>אסם השקעות בע"\מ</ManufacturerName>
      <ManufactureCountry>IL</ManufactureCountry>
      <ManufacturerItemDescription>לחמית 5 דגנים</ManufacturerItemDescription>
      <UnitQty>גרמים</UnitQty>
      <Quantity>190.00</Quantity>
      <bIsWeighted>0</bIsWeighted>
      <UnitOfMeasure>100 גרם</UnitOfMeasure>
      <QtyInPackage>0</QtyInPackage>
      <ItemPrice>10.50</ItemPrice>
      <UnitOfMeasurePrice>5.53</UnitOfMeasurePrice>
      <AllowDiscount>1</AllowDiscount>
      <ItemStatus>1</ItemStatus>
    </Item>
    <Item>
      <PriceUpdateDate>2023-01-11 08:43</PriceUpdateDate>
      <ItemCode>7290106573598</ItemCode>
      <ItemType>1</ItemType>
      <ItemName>חומוס לבנוני צבר 400 גרם</ItemName>
      <ManufacturerName>סלטי צבר</ManufacturerName>
      <ManufactureCountry>IL</ManufactureCountry>
      <ManufacturerItemDescription>חומוס לבנוני צבר</ManufacturerItemDescription>
      <UnitQty>גרמים</UnitQty>
      <Quantity>400.00</Quantity>
      <bIsWeighted>0</bIsWeighted>
      <UnitOfMeasure>100 גרם</UnitOfMeasure>
      <QtyInPackage>0</QtyInPackage>
      <ItemPrice>13.60</ItemPrice>
      <UnitOfMeasurePrice>3.40</UnitOfMeasurePrice>
      <AllowDiscount>1</AllowDiscount>
      <ItemStatus>1</ItemStatus>
    </Item>
    <Item>
      <PriceUpdateDate>2022-12-21 09:42</PriceUpdateDate>
      <ItemCode>7290106656727</ItemCode>
      <ItemType>1</ItemType>
      <ItemName>חיוכים שוקולד 600 גרם</ItemName>
      <ManufacturerName>אפיפית נצרת (1971) בע"\מ</ManufacturerName>
      <ManufactureCountry>IL</ManufactureCountry>
      <ManufacturerItemDescription>חיוכים שוקולד</ManufacturerItemDescription>
      <UnitQty>גרמים</UnitQty>
      <Quantity>600.00</Quantity>
      <bIsWeighted>0</bIsWeighted>
      <UnitOfMeasure>100 גרם</UnitOfMeasure>
      <QtyInPackage>0</QtyInPackage>
      <ItemPrice>20.10</ItemPrice>
      <UnitOfMeasurePrice>3.35</UnitOfMeasurePrice>
      <AllowDiscount>1</AllowDiscount>
      <ItemStatus>1</ItemStatus>
    </Item>
    <Item>
      <PriceUpdateDate>2018-11-19 07:51</PriceUpdateDate>
      <ItemCode>7290106658479</ItemCode>
      <ItemType>1</ItemType>
      <ItemName>טורטית וופל מצופה שוק40ג</ItemName>
      <ManufacturerName>שטראוס גרופ בע"\מ</ManufacturerName>
      <ManufactureCountry>IL</ManufactureCountry>
      <ManufacturerItemDescription>טורטית מגדים</ManufacturerItemDescription>
      <UnitQty>גרמים</UnitQty>
      <Quantity>40.00</Quantity>
      <bIsWeighted>0</bIsWeighted>
      <UnitOfMeasure>100 גרם</UnitOfMeasure>
      <QtyInPackage>1</QtyInPackage>
      <ItemPrice>4.50</ItemPrice>
      <UnitOfMeasurePrice>11.25</UnitOfMeasurePrice>
      <AllowDiscount>1</AllowDiscount>
      <ItemStatus>1</ItemStatus>
    </Item>
    <Item>
      <PriceUpdateDate>2022-12-21 09:42</PriceUpdateDate>
      <ItemCode>7290106727984</ItemCode>
      <ItemType>1</ItemType>
      <ItemName>כיף כף פצפצים בגביע135ג</ItemName>
      <ManufacturerName>שולן צ'\יקולטה גידה סאן.</ManufacturerName>
      <ManufactureCountry>TR</ManufactureCountry>
      <ManufacturerItemDescription>כיף כף פצפצים</ManufacturerItemDescription>
      <UnitQty>גרמים</UnitQty>
      <Quantity>135.00</Quantity>
      <bIsWeighted>0</bIsWeighted>
      <UnitOfMeasure>100 גרם</UnitOfMeasure>
      <QtyInPackage>1</QtyInPackage>
      <ItemPrice>12.20</ItemPrice>
      <UnitOfMeasurePrice>9.04</UnitOfMeasurePrice>
      <AllowDiscount>1</AllowDiscount>
      <ItemStatus>1</ItemStatus>
    </Item>
    <Item>
      <PriceUpdateDate>2018-11-19 07:53</PriceUpdateDate>
      <ItemCode>7290107280020</ItemCode>
      <ItemType>1</ItemType>
      <ItemName>מטליות לחות מארז</ItemName>
      <ManufacturerName />
      <ManufactureCountry>IL</ManufactureCountry>
      <ManufacturerItemDescription>מטליות לחות מארז</ManufacturerItemDescription>
      <UnitQty>יחידה</UnitQty>
      <Quantity>1.00</Quantity>
      <bIsWeighted>0</bIsWeighted>
      <UnitOfMeasure>יחידה</UnitOfMeasure>
      <QtyInPackage>0</QtyInPackage>
      <ItemPrice>19.90</ItemPrice>
      <UnitOfMeasurePrice>19.90</UnitOfMeasurePrice>
      <AllowDiscount>1</AllowDiscount>
      <ItemStatus>1</ItemStatus>
    </Item>
    <Item>
      <PriceUpdateDate>2018-11-19 07:53</PriceUpdateDate>
      <ItemCode>7290107280389</ItemCode>
      <ItemType>1</ItemType>
      <ItemName>מתז ג'ט לאמבט</ItemName>
      <ManufacturerName />
      <ManufactureCountry>IL</ManufactureCountry>
      <ManufacturerItemDescription>מתז ג'ט לאמבט</ManufacturerItemDescription>
      <UnitQty>מיליליטרים</UnitQty>
      <Quantity>750.00</Quantity>
      <bIsWeighted>0</bIsWeighted>
      <UnitOfMeasure>100 מ"ל</UnitOfMeasure>
      <QtyInPackage>0</QtyInPackage>
      <ItemPrice>15.90</ItemPrice>
      <UnitOfMeasurePrice>2.12</UnitOfMeasurePrice>
      <AllowDiscount>1</AllowDiscount>
      <ItemStatus>1</ItemStatus>
    </Item>
    <Item>
      <PriceUpdateDate>2023-04-14 09:13</PriceUpdateDate>
      <ItemCode>7290107645584</ItemCode>
      <ItemType>1</ItemType>
      <ItemName>מרק עוף אמיתי ר.טבעים400</ItemName>
      <ManufacturerName>יוניליוור ישראל מזון בע\</ManufacturerName>
      <ManufactureCountry>IL</ManufactureCountry>
      <ManufacturerItemDescription>מרק עוף אמיתי</ManufacturerItemDescription>
      <UnitQty>גרמים</UnitQty>
      <Quantity>400.00</Quantity>
      <bIsWeighted>0</bIsWeighted>
      <UnitOfMeasure>100 גרם</UnitOfMeasure>
      <QtyInPackage>1</QtyInPackage>
      <ItemPrice>29.60</ItemPrice>
      <UnitOfMeasurePrice>7.40</UnitOfMeasurePrice>
      <AllowDiscount>1</AllowDiscount>
      <ItemStatus>1</ItemStatus>
    </Item>
    <Item>
      <PriceUpdateDate>2023-04-14 09:13</PriceUpdateDate>
      <ItemCode>7290107646826</ItemCode>
      <ItemType>1</ItemType>
      <ItemName>חטיפי שוגי שוקו 26*6גרם</ItemName>
      <ManufacturerName>יוניליוור ישראל מזון בעמ</ManufacturerName>
      <ManufactureCountry>IL</ManufactureCountry>
      <ManufacturerItemDescription>חטיפי שוגי 6 יח</ManufacturerItemDescription>
      <UnitQty>גרמים</UnitQty>
      <Quantity>156.00</Quantity>
      <bIsWeighted>0</bIsWeighted>
      <UnitOfMeasure>100 גרם</UnitOfMeasure>
      <QtyInPackage>1</QtyInPackage>
      <ItemPrice>17.20</ItemPrice>
      <UnitOfMeasurePrice>11.03</UnitOfMeasurePrice>
      <AllowDiscount>1</AllowDiscount>
      <ItemStatus>1</ItemStatus>
    </Item>
    <Item>
      <PriceUpdateDate>2023-01-25 18:19</PriceUpdateDate>
      <ItemCode>7290107647816</ItemCode>
      <ItemType>1</ItemType>
      <ItemName>ברנפלקס ללת"ס 500 גרם</ItemName>
      <ManufacturerName>יוניליוור ישראל מזון בעמ</ManufacturerName>
      <ManufactureCountry>IL</ManufactureCountry>
      <ManufacturerItemDescription>ברנפלקס ללת"ס</ManufacturerItemDescription>
      <UnitQty>גרמים</UnitQty>
      <Quantity>500.00</Quantity>
      <bIsWeighted>0</bIsWeighted>
      <UnitOfMeasure>100 גרם</UnitOfMeasure>
      <QtyInPackage>1</QtyInPackage>
      <ItemPrice>28.50</ItemPrice>
      <UnitOfMeasurePrice>5.70</UnitOfMeasurePrice>
      <AllowDiscount>1</AllowDiscount>
      <ItemStatus>1</ItemStatus>
    </Item>
    <Item>
      <PriceUpdateDate>2023-04-14 09:13</PriceUpdateDate>
      <ItemCode>7290107647854</ItemCode>
      <ItemType>1</ItemType>
      <ItemName>דגני בוקר שוגי 500 גרם</ItemName>
      <ManufacturerName>יוניליוור ישראל מזון בעמ</ManufacturerName>
      <ManufactureCountry>IL</ManufactureCountry>
      <ManufacturerItemDescription>דגני בוקר שוגי</ManufacturerItemDescription>
      <UnitQty>גרמים</UnitQty>
      <Quantity>500.00</Quantity>
      <bIsWeighted>0</bIsWeighted>
      <UnitOfMeasure>100 גרם</UnitOfMeasure>
      <QtyInPackage>1</QtyInPackage>
      <ItemPrice>26.60</ItemPrice>
      <UnitOfMeasurePrice>5.32</UnitOfMeasurePrice>
      <AllowDiscount>1</AllowDiscount>
      <ItemStatus>1</ItemStatus>
    </Item>
    <Item>
      <PriceUpdateDate>2023-04-14 09:13</PriceUpdateDate>
      <ItemCode>7290107649100</ItemCode>
      <ItemType>1</ItemType>
      <ItemName>בייגלה טבעות+שומשום300ג</ItemName>
      <ManufacturerName>בייגל את בייגל מזון 198)</ManufacturerName>
      <ManufactureCountry>IL</ManufactureCountry>
      <ManufacturerItemDescription>בייגלה טבעות</ManufacturerItemDescription>
      <UnitQty>גרמים</UnitQty>
      <Quantity>300.00</Quantity>
      <bIsWeighted>0</bIsWeighted>
      <UnitOfMeasure>100 גרם</UnitOfMeasure>
      <QtyInPackage>1</QtyInPackage>
      <ItemPrice>14.20</ItemPrice>
      <UnitOfMeasurePrice>4.73</UnitOfMeasurePrice>
      <AllowDiscount>1</AllowDiscount>
      <ItemStatus>1</ItemStatus>
    </Item>
    <Item>
      <PriceUpdateDate>2023-01-03 11:29</PriceUpdateDate>
      <ItemCode>7290107871990</ItemCode>
      <ItemType>1</ItemType>
      <ItemName>פסטה צינורות 500 גרם</ItemName>
      <ManufacturerName>פסטה זארה</ManufacturerName>
      <ManufactureCountry>IT</ManufactureCountry>
      <ManufacturerItemDescription>פסטה צינורות</ManufacturerItemDescription>
      <UnitQty>גרמים</UnitQty>
      <Quantity>500.00</Quantity>
      <bIsWeighted>0</bIsWeighted>
      <UnitOfMeasure>100 גרם</UnitOfMeasure>
      <QtyInPackage>0</QtyInPackage>
      <ItemPrice>6.90</ItemPrice>
      <UnitOfMeasurePrice>1.38</UnitOfMeasurePrice>
      <AllowDiscount>1</AllowDiscount>
      <ItemStatus>1</ItemStatus>
    </Item>
    <Item>
      <PriceUpdateDate>2022-12-21 09:42</PriceUpdateDate>
      <ItemCode>7290107944243</ItemCode>
      <ItemType>1</ItemType>
      <ItemName>אפיפיות ט.שוקולד ל.ג200ג</ItemName>
      <ManufacturerName>שטראוס גרופ בע"\מ</ManufacturerName>
      <ManufactureCountry>IL</ManufactureCountry>
      <ManufacturerItemDescription>אפיפיות טעם שוקו</ManufacturerItemDescription>
      <UnitQty>גרמים</UnitQty>
      <Quantity>200.00</Quantity>
      <bIsWeighted>0</bIsWeighted>
      <UnitOfMeasure>100 גרם</UnitOfMeasure>
      <QtyInPackage>1</QtyInPackage>
      <ItemPrice>9.40</ItemPrice>
      <UnitOfMeasurePrice>4.70</UnitOfMeasurePrice>
      <AllowDiscount>1</AllowDiscount>
      <ItemStatus>1</ItemStatus>
    </Item>
    <Item>
      <PriceUpdateDate>2022-12-20 09:11</PriceUpdateDate>
      <ItemCode>7290107954976</ItemCode>
      <ItemType>1</ItemType>
      <ItemName>משקה פרו קפה יטבתה350מ</ItemName>
      <ManufacturerName>מחלבת יטבתה</ManufacturerName>
      <ManufactureCountry>IL</ManufactureCountry>
      <ManufacturerItemDescription>משקה פרו קפה</ManufacturerItemDescription>
      <UnitQty>מיליליטרים</UnitQty>
      <Quantity>350.00</Quantity>
      <bIsWeighted>0</bIsWeighted>
      <UnitOfMeasure>100 מ"ל</UnitOfMeasure>
      <QtyInPackage>1</QtyInPackage>
      <ItemPrice>7.30</ItemPrice>
      <UnitOfMeasurePrice>2.09</UnitOfMeasurePrice>
      <AllowDiscount>1</AllowDiscount>
      <ItemStatus>1</ItemStatus>
    </Item>
    <Item>
      <PriceUpdateDate>2022-12-21 09:42</PriceUpdateDate>
      <ItemCode>7290107957991</ItemCode>
      <ItemType>1</ItemType>
      <ItemName>מילקי קייק מיניס 144 גרם</ItemName>
      <ManufacturerName>בובארד איטליה אס.פי.איי</ManufacturerName>
      <ManufactureCountry>IT</ManufactureCountry>
      <ManufacturerItemDescription>מילקי קייק מיניס</ManufacturerItemDescription>
      <UnitQty>גרמים</UnitQty>
      <Quantity>144.00</Quantity>
      <bIsWeighted>0</bIsWeighted>
      <UnitOfMeasure>100 גרם</UnitOfMeasure>
      <QtyInPackage>1</QtyInPackage>
      <ItemPrice>16.20</ItemPrice>
      <UnitOfMeasurePrice>11.25</UnitOfMeasurePrice>
      <AllowDiscount>1</AllowDiscount>
      <ItemStatus>1</ItemStatus>
    </Item>
    <Item>
      <PriceUpdateDate>2022-01-05 07:20</PriceUpdateDate>
      <ItemCode>7290107978637</ItemCode>
      <ItemType>1</ItemType>
      <ItemName>משחת מרידול 75 מ"ל</ItemName>
      <ManufacturerName>קולגייט פלמוליב</ManufacturerName>
      <ManufactureCountry>PL</ManufactureCountry>
      <ManufacturerItemDescription>משחת מרידול</ManufacturerItemDescription>
      <UnitQty>מיליליטרים</UnitQty>
      <Quantity>75.00</Quantity>
      <bIsWeighted>0</bIsWeighted>
      <UnitOfMeasure>100 מ"ל</UnitOfMeasure>
      <QtyInPackage>1</QtyInPackage>
      <ItemPrice>20.90</ItemPrice>
      <UnitOfMeasurePrice>27.87</UnitOfMeasurePrice>
      <AllowDiscount>1</AllowDiscount>
      <ItemStatus>1</ItemStatus>
    </Item>
    <Item>
      <PriceUpdateDate>2023-01-19 18:58</PriceUpdateDate>
      <ItemCode>7290108350616</ItemCode>
      <ItemType>1</ItemType>
      <ItemName>מרכך מקסימה בלו 1 ליטר</ItemName>
      <ManufacturerName>סנו מפעלי ברונוס בע"\מ</ManufacturerName>
      <ManufactureCountry>IL</ManufactureCountry>
      <ManufacturerItemDescription>מרכך מקסימה</ManufacturerItemDescription>
      <UnitQty>ליטרים</UnitQty>
      <Quantity>1.00</Quantity>
      <bIsWeighted>0</bIsWeighted>
      <UnitOfMeasure>ליטר</UnitOfMeasure>
      <QtyInPackage>1</QtyInPackage>
      <ItemPrice>19.90</ItemPrice>
      <UnitOfMeasurePrice>19.90</UnitOfMeasurePrice>
      <AllowDiscount>1</AllowDiscount>
      <ItemStatus>1</ItemStatus>
    </Item>
    <Item>
      <PriceUpdateDate>2023-04-11 04:50</PriceUpdateDate>
      <ItemCode>7290108351613</ItemCode>
      <ItemType>1</ItemType>
      <ItemName>ריצפז פרש הום בית מלון2ל</ItemName>
      <ManufacturerName>סנו מפעלי ברונוס בע"\מ</ManufacturerName>
      <ManufactureCountry>IL</ManufactureCountry>
      <ManufacturerItemDescription>ריצפז פרש הום</ManufacturerItemDescription>
      <UnitQty>ליטרים</UnitQty>
      <Quantity>2.00</Quantity>
      <bIsWeighted>0</bIsWeighted>
      <UnitOfMeasure>ליטר</UnitOfMeasure>
      <QtyInPackage>1</QtyInPackage>
      <ItemPrice>18.90</ItemPrice>
      <UnitOfMeasurePrice>9.45</UnitOfMeasurePrice>
      <AllowDiscount>1</AllowDiscount>
      <ItemStatus>1</ItemStatus>
    </Item>
    <Item>
      <PriceUpdateDate>2019-06-14 05:38</PriceUpdateDate>
      <ItemCode>7290108351996</ItemCode>
      <ItemType>1</ItemType>
      <ItemName>מתז בייבי 99% חיטוי 750מ</ItemName>
      <ManufacturerName>סנו מפעלי ברונוס בע"\מ</ManufacturerName>
      <ManufactureCountry>IL</ManufactureCountry>
      <ManufacturerItemDescription>מתז בייבי מחטא</ManufacturerItemDescription>
      <UnitQty>מיליליטרים</UnitQty>
      <Quantity>750.00</Quantity>
      <bIsWeighted>0</bIsWeighted>
      <UnitOfMeasure>100 מ"ל</UnitOfMeasure>
      <QtyInPackage>1</QtyInPackage>
      <ItemPrice>16.90</ItemPrice>
      <UnitOfMeasurePrice>2.25</UnitOfMeasurePrice>
      <AllowDiscount>1</AllowDiscount>
      <ItemStatus>1</ItemStatus>
    </Item>
    <Item>
      <PriceUpdateDate>2023-01-03 11:29</PriceUpdateDate>
      <ItemCode>7290109351971</ItemCode>
      <ItemType>1</ItemType>
      <ItemName>פיטנס פריכיות שוק.חלב84ג</ItemName>
      <ManufacturerName>CA</ManufacturerName>
      <ManufactureCountry>IL</ManufactureCountry>
      <ManufacturerItemDescription>פיטנס בר פריכיות</ManufacturerItemDescription>
      <UnitQty>גרמים</UnitQty>
      <Quantity>84.00</Quantity>
      <bIsWeighted>0</bIsWeighted>
      <UnitOfMeasure>100 גרם</UnitOfMeasure>
      <QtyInPackage>1</QtyInPackage>
      <ItemPrice>15.30</ItemPrice>
      <UnitOfMeasurePrice>18.21</UnitOfMeasurePrice>
      <AllowDiscount>1</AllowDiscount>
      <ItemStatus>1</ItemStatus>
    </Item>
    <Item>
      <PriceUpdateDate>2023-01-03 11:29</PriceUpdateDate>
      <ItemCode>7290109352916</ItemCode>
      <ItemType>1</ItemType>
      <ItemName>פיטנס פריכיות שוק.לבן84ג</ItemName>
      <ManufacturerName>כרמית</ManufacturerName>
      <ManufactureCountry>IL</ManufactureCountry>
      <ManufacturerItemDescription>פיטנס בר פריכיות</ManufacturerItemDescription>
      <UnitQty>גרמים</UnitQty>
      <Quantity>84.00</Quantity>
      <bIsWeighted>0</bIsWeighted>
      <UnitOfMeasure>100 גרם</UnitOfMeasure>
      <QtyInPackage>1</QtyInPackage>
      <ItemPrice>15.30</ItemPrice>
      <UnitOfMeasurePrice>18.21</UnitOfMeasurePrice>
      <AllowDiscount>1</AllowDiscount>
      <ItemStatus>1</ItemStatus>
    </Item>
    <Item>
      <PriceUpdateDate>2023-01-03 11:29</PriceUpdateDate>
      <ItemCode>7290109354996</ItemCode>
      <ItemType>1</ItemType>
      <ItemName>פתי בר לל.גלוטן שוקו200ג</ItemName>
      <ManufacturerName>אסם השקעות בע"\מ</ManufacturerName>
      <ManufactureCountry>IL</ManufactureCountry>
      <ManufacturerItemDescription>פתי בר ללא גלוטן</ManufacturerItemDescription>
      <UnitQty>גרמים</UnitQty>
      <Quantity>200.00</Quantity>
      <bIsWeighted>0</bIsWeighted>
      <UnitOfMeasure>100 גרם</UnitOfMeasure>
      <QtyInPackage>1</QtyInPackage>
      <ItemPrice>12.10</ItemPrice>
      <UnitOfMeasurePrice>6.05</UnitOfMeasurePrice>
      <AllowDiscount>1</AllowDiscount>
      <ItemStatus>1</ItemStatus>
    </Item>
    <Item>
      <PriceUpdateDate>2023-01-19 18:58</PriceUpdateDate>
      <ItemCode>7290109580432</ItemCode>
      <ItemType>1</ItemType>
      <ItemName>פסטרמה אקסטרה מעושנת דק</ItemName>
      <ManufacturerName>---</ManufacturerName>
      <ManufactureCountry>IL</ManufactureCountry>
      <ManufacturerItemDescription>פסטרמה אקסטרה מע</ManufacturerItemDescription>
      <UnitQty>גרמים</UnitQty>
      <Quantity>120.00</Quantity>
      <bIsWeighted>0</bIsWeighted>
      <UnitOfMeasure>100 גרם</UnitOfMeasure>
      <QtyInPackage>1</QtyInPackage>
      <ItemPrice>15.90</ItemPrice>
      <UnitOfMeasurePrice>13.25</UnitOfMeasurePrice>
      <AllowDiscount>1</AllowDiscount>
      <ItemStatus>1</ItemStatus>
    </Item>
    <Item>
      <PriceUpdateDate>2023-03-31 07:49</PriceUpdateDate>
      <ItemCode>7290110114794</ItemCode>
      <ItemType>1</ItemType>
      <ItemName>נביעות+טעם אפרסק 1.5ליטר</ItemName>
      <ManufacturerName>נביעות טבע הגליל בע"\מ ,</ManufacturerName>
      <ManufactureCountry>IL</ManufactureCountry>
      <ManufacturerItemDescription>נביעות+אפרסק</ManufacturerItemDescription>
      <UnitQty>ליטרים</UnitQty>
      <Quantity>1.50</Quantity>
      <bIsWeighted>0</bIsWeighted>
      <UnitOfMeasure>ליטר</UnitOfMeasure>
      <QtyInPackage>0</QtyInPackage>
      <ItemPrice>9.20</ItemPrice>
      <UnitOfMeasurePrice>6.13</UnitOfMeasurePrice>
      <AllowDiscount>1</AllowDiscount>
      <ItemStatus>1</ItemStatus>
    </Item>
    <Item>
      <PriceUpdateDate>2023-03-31 07:49</PriceUpdateDate>
      <ItemCode>7290110114800</ItemCode>
      <ItemType>1</ItemType>
      <ItemName>נביעות+טעם ענבים 1.5ליטר</ItemName>
      <ManufacturerName>נביעות טבע הגליל בע"\מ</ManufacturerName>
      <ManufactureCountry>IL</ManufactureCountry>
      <ManufacturerItemDescription>נביעות+ענבים</ManufacturerItemDescription>
      <UnitQty>ליטרים</UnitQty>
      <Quantity>1.50</Quantity>
      <bIsWeighted>0</bIsWeighted>
      <UnitOfMeasure>ליטר</UnitOfMeasure>
      <QtyInPackage>0</QtyInPackage>
      <ItemPrice>9.20</ItemPrice>
      <UnitOfMeasurePrice>6.13</UnitOfMeasurePrice>
      <AllowDiscount>1</AllowDiscount>
      <ItemStatus>1</ItemStatus>
    </Item>
    <Item>
      <PriceUpdateDate>2023-03-31 07:49</PriceUpdateDate>
      <ItemCode>7290110114916</ItemCode>
      <ItemType>1</ItemType>
      <ItemName>מיץ סחוט לימון נענע 2ל</ItemName>
      <ManufacturerName>גת</ManufacturerName>
      <ManufactureCountry>IL</ManufactureCountry>
      <ManufacturerItemDescription>סחוט לימון נע</ManufacturerItemDescription>
      <UnitQty>ליטרים</UnitQty>
      <Quantity>2.00</Quantity>
      <bIsWeighted>0</bIsWeighted>
      <UnitOfMeasure>ליטר</UnitOfMeasure>
      <QtyInPackage>0</QtyInPackage>
      <ItemPrice>26.80</ItemPrice>
      <UnitOfMeasurePrice>13.40</UnitOfMeasurePrice>
      <AllowDiscount>1</AllowDiscount>
      <ItemStatus>1</ItemStatus>
    </Item>
    <Item>
      <PriceUpdateDate>2023-03-31 07:49</PriceUpdateDate>
      <ItemCode>7290110114961</ItemCode>
      <ItemType>1</ItemType>
      <ItemName>פריגת תפוזים 1.5 ליטר</ItemName>
      <ManufacturerName>מבשלות בירה בינלאומיות ב</ManufacturerName>
      <ManufactureCountry>IL</ManufactureCountry>
      <ManufacturerItemDescription>פריגת תפוזים</ManufacturerItemDescription>
      <UnitQty>ליטרים</UnitQty>
      <Quantity>1.50</Quantity>
      <bIsWeighted>0</bIsWeighted>
      <UnitOfMeasure>ליטר</UnitOfMeasure>
      <QtyInPackage>0</QtyInPackage>
      <ItemPrice>8.00</ItemPrice>
      <UnitOfMeasurePrice>5.33</UnitOfMeasurePrice>
      <AllowDiscount>1</AllowDiscount>
      <ItemStatus>1</ItemStatus>
    </Item>
    <Item>
      <PriceUpdateDate>2023-03-31 07:49</PriceUpdateDate>
      <ItemCode>7290110115005</ItemCode>
      <ItemType>1</ItemType>
      <ItemName>פריגת ענבים 1.5 ליטר</ItemName>
      <ManufacturerName>מבשלות בירה בינלאומיות ב</ManufacturerName>
      <ManufactureCountry>IL</ManufactureCountry>
      <ManufacturerItemDescription>פריגת ענבים</ManufacturerItemDescription>
      <UnitQty>ליטרים</UnitQty>
      <Quantity>1.50</Quantity>
      <bIsWeighted>0</bIsWeighted>
      <UnitOfMeasure>ליטר</UnitOfMeasure>
      <QtyInPackage>0</QtyInPackage>
      <ItemPrice>8.00</ItemPrice>
      <UnitOfMeasurePrice>5.33</UnitOfMeasurePrice>
      <AllowDiscount>1</AllowDiscount>
      <ItemStatus>1</ItemStatus>
    </Item>
    <Item>
      <PriceUpdateDate>2023-03-31 07:49</PriceUpdateDate>
      <ItemCode>7290110115029</ItemCode>
      <ItemType>1</ItemType>
      <ItemName>פריגת תפוחים 1.5 ליטר</ItemName>
      <ManufacturerName>מבשלות בירה בינלאומיות ב</ManufacturerName>
      <ManufactureCountry>IL</ManufactureCountry>
      <ManufacturerItemDescription>פריגת תפוחים</ManufacturerItemDescription>
      <UnitQty>ליטרים</UnitQty>
      <Quantity>1.50</Quantity>
      <bIsWeighted>0</bIsWeighted>
      <UnitOfMeasure>ליטר</UnitOfMeasure>
      <QtyInPackage>0</QtyInPackage>
      <ItemPrice>8.00</ItemPrice>
      <UnitOfMeasurePrice>5.33</UnitOfMeasurePrice>
      <AllowDiscount>1</AllowDiscount>
      <ItemStatus>1</ItemStatus>
    </Item>
    <Item>
      <PriceUpdateDate>2023-03-31 07:49</PriceUpdateDate>
      <ItemCode>7290110115203</ItemCode>
      <ItemType>1</ItemType>
      <ItemName>קוקה קולה בקבוק 1.5 ליטר</ItemName>
      <ManufacturerName>החברה המרכזית לייצור משק</ManufacturerName>
      <ManufactureCountry>IL</ManufactureCountry>
      <ManufacturerItemDescription>קוקה קולה</ManufacturerItemDescription>
      <UnitQty>ליטרים</UnitQty>
      <Quantity>1.50</Quantity>
      <bIsWeighted>0</bIsWeighted>
      <UnitOfMeasure>ליטר</UnitOfMeasure>
      <QtyInPackage>0</QtyInPackage>
      <ItemPrice>7.30</ItemPrice>
      <UnitOfMeasurePrice>4.87</UnitOfMeasurePrice>
      <AllowDiscount>1</AllowDiscount>
      <ItemStatus>1</ItemStatus>
    </Item>
    <Item>
      <PriceUpdateDate>2023-03-31 07:49</PriceUpdateDate>
      <ItemCode>7290110115210</ItemCode>
      <ItemType>1</ItemType>
      <ItemName>קולה דיאט בקבוק 1.5 ל'</ItemName>
      <ManufacturerName>החברה המרכזית לייצור משק</ManufacturerName>
      <ManufactureCountry>IL</ManufactureCountry>
      <ManufacturerItemDescription>קוקה קולה דיא</ManufacturerItemDescription>
      <UnitQty>ליטרים</UnitQty>
      <Quantity>1.50</Quantity>
      <bIsWeighted>0</bIsWeighted>
      <UnitOfMeasure>ליטר</UnitOfMeasure>
      <QtyInPackage>0</QtyInPackage>
      <ItemPrice>7.60</ItemPrice>
      <UnitOfMeasurePrice>5.07</UnitOfMeasurePrice>
      <AllowDiscount>1</AllowDiscount>
      <ItemStatus>1</ItemStatus>
    </Item>
    <Item>
      <PriceUpdateDate>2023-03-31 07:49</PriceUpdateDate>
      <ItemCode>7290110115227</ItemCode>
      <ItemType>1</ItemType>
      <ItemName>קוקה קולה זירו 1.5 ליטר</ItemName>
      <ManufacturerName>החברה המרכזית לייצור משק</ManufacturerName>
      <ManufactureCountry>IL</ManufactureCountry>
      <ManufacturerItemDescription>קוקה קולה זיר</ManufacturerItemDescription>
      <UnitQty>ליטרים</UnitQty>
      <Quantity>1.50</Quantity>
      <bIsWeighted>0</bIsWeighted>
      <UnitOfMeasure>ליטר</UnitOfMeasure>
      <QtyInPackage>0</QtyInPackage>
      <ItemPrice>8.20</ItemPrice>
      <UnitOfMeasurePrice>5.47</UnitOfMeasurePrice>
      <AllowDiscount>1</AllowDiscount>
      <ItemStatus>1</ItemStatus>
    </Item>
    <Item>
      <PriceUpdateDate>2023-03-31 07:49</PriceUpdateDate>
      <ItemCode>7290110115265</ItemCode>
      <ItemType>1</ItemType>
      <ItemName>ספרייט ליים 1.5 ליטר</ItemName>
      <ManufacturerName>החברה המרכזית לייצור משק</ManufacturerName>
      <ManufactureCountry>IL</ManufactureCountry>
      <ManufacturerItemDescription>ספרייט ליים</ManufacturerItemDescription>
      <UnitQty>ליטרים</UnitQty>
      <Quantity>1.50</Quantity>
      <bIsWeighted>0</bIsWeighted>
      <UnitOfMeasure>ליטר</UnitOfMeasure>
      <QtyInPackage>0</QtyInPackage>
      <ItemPrice>7.30</ItemPrice>
      <UnitOfMeasurePrice>4.87</UnitOfMeasurePrice>
      <AllowDiscount>1</AllowDiscount>
      <ItemStatus>1</ItemStatus>
    </Item>
    <Item>
      <PriceUpdateDate>2022-07-04 10:43</PriceUpdateDate>
      <ItemCode>7290110115401</ItemCode>
      <ItemType>1</ItemType>
      <ItemName>קינלי סודה 1.5*6 ליטר</ItemName>
      <ManufacturerName>החברה המרכזית לייצור משק</ManufacturerName>
      <ManufactureCountry>IL</ManufactureCountry>
      <ManufacturerItemDescription>קינלי סודה1.5*6ל</ManufacturerItemDescription>
      <UnitQty>ליטרים</UnitQty>
      <Quantity>9.00</Quantity>
      <bIsWeighted>0</bIsWeighted>
      <UnitOfMeasure>ליטר</UnitOfMeasure>
      <QtyInPackage>0</QtyInPackage>
      <ItemPrice>16.90</ItemPrice>
      <UnitOfMeasurePrice>1.88</UnitOfMeasurePrice>
      <AllowDiscount>1</AllowDiscount>
      <ItemStatus>1</ItemStatus>
    </Item>
    <Item>
      <PriceUpdateDate>2023-03-31 07:49</PriceUpdateDate>
      <ItemCode>7290110115425</ItemCode>
      <ItemType>1</ItemType>
      <ItemName>פיוז טי תה קר לימ.נענ1.5</ItemName>
      <ManufacturerName>מבשלות בירה בינלאומיות ב</ManufacturerName>
      <ManufactureCountry>IL</ManufactureCountry>
      <ManufacturerItemDescription>פיוז טי תה לימון</ManufacturerItemDescription>
      <UnitQty>ליטרים</UnitQty>
      <Quantity>1.50</Quantity>
      <bIsWeighted>0</bIsWeighted>
      <UnitOfMeasure>ליטר</UnitOfMeasure>
      <QtyInPackage>0</QtyInPackage>
      <ItemPrice>8.60</ItemPrice>
      <UnitOfMeasurePrice>5.73</UnitOfMeasurePrice>
      <AllowDiscount>1</AllowDiscount>
      <ItemStatus>1</ItemStatus>
    </Item>
    <Item>
      <PriceUpdateDate>2023-03-31 07:49</PriceUpdateDate>
      <ItemCode>7290110115586</ItemCode>
      <ItemType>1</ItemType>
      <ItemName>פריגת תפוזים מופחת 1.5 ל</ItemName>
      <ManufacturerName>מבשלות בירה בינלאומיות ב</ManufacturerName>
      <ManufactureCountry>IL</ManufactureCountry>
      <ManufacturerItemDescription>פריגת תפוזים</ManufacturerItemDescription>
      <UnitQty>ליטרים</UnitQty>
      <Quantity>1.50</Quantity>
      <bIsWeighted>0</bIsWeighted>
      <UnitOfMeasure>ליטר</UnitOfMeasure>
      <QtyInPackage>0</QtyInPackage>
      <ItemPrice>8.20</ItemPrice>
      <UnitOfMeasurePrice>5.47</UnitOfMeasurePrice>
      <AllowDiscount>1</AllowDiscount>
      <ItemStatus>1</ItemStatus>
    </Item>
    <Item>
      <PriceUpdateDate>2023-03-31 07:49</PriceUpdateDate>
      <ItemCode>7290110116491</ItemCode>
      <ItemType>1</ItemType>
      <ItemName>פריגת מיקס אפרסק משמש1ל</ItemName>
      <ManufacturerName>גת</ManufacturerName>
      <ManufactureCountry>IL</ManufactureCountry>
      <ManufacturerItemDescription>פריגת אפרסק משמש</ManufacturerItemDescription>
      <UnitQty>מיליליטרים</UnitQty>
      <Quantity>1000.00</Quantity>
      <bIsWeighted>0</bIsWeighted>
      <UnitOfMeasure>100 מ"ל</UnitOfMeasure>
      <QtyInPackage>1</QtyInPackage>
      <ItemPrice>16.00</ItemPrice>
      <UnitOfMeasurePrice>1.60</UnitOfMeasurePrice>
      <AllowDiscount>1</AllowDiscount>
      <ItemStatus>1</ItemStatus>
    </Item>
    <Item>
      <PriceUpdateDate>2023-01-11 08:35</PriceUpdateDate>
      <ItemCode>7290110321680</ItemCode>
      <ItemType>1</ItemType>
      <ItemName>יופלה GO תות 200 גרם</ItemName>
      <ManufacturerName>מחלבת אלון תבור</ManufacturerName>
      <ManufactureCountry>IL</ManufactureCountry>
      <ManufacturerItemDescription>יופלה GO יוגורט</ManufacturerItemDescription>
      <UnitQty>גרמים</UnitQty>
      <Quantity>200.00</Quantity>
      <bIsWeighted>0</bIsWeighted>
      <UnitOfMeasure>100 גרם</UnitOfMeasure>
      <QtyInPackage>1</QtyInPackage>
      <ItemPrice>6.20</ItemPrice>
      <UnitOfMeasurePrice>3.10</UnitOfMeasurePrice>
      <AllowDiscount>1</AllowDiscount>
      <ItemStatus>1</ItemStatus>
    </Item>
    <Item>
      <PriceUpdateDate>2023-01-11 08:35</PriceUpdateDate>
      <ItemCode>7290110321703</ItemCode>
      <ItemType>1</ItemType>
      <ItemName>יופלה GO פירות יער 200 ג</ItemName>
      <ManufacturerName>תנובה בע"\מ</ManufacturerName>
      <ManufactureCountry>IL</ManufactureCountry>
      <ManufacturerItemDescription>יופלה GO יוגורט</ManufacturerItemDescription>
      <UnitQty>גרמים</UnitQty>
      <Quantity>200.00</Quantity>
      <bIsWeighted>0</bIsWeighted>
      <UnitOfMeasure>100 גרם</UnitOfMeasure>
      <QtyInPackage>1</QtyInPackage>
      <ItemPrice>6.20</ItemPrice>
      <UnitOfMeasurePrice>3.10</UnitOfMeasurePrice>
      <AllowDiscount>1</AllowDiscount>
      <ItemStatus>1</ItemStatus>
    </Item>
    <Item>
      <PriceUpdateDate>2023-01-11 08:35</PriceUpdateDate>
      <ItemCode>7290110323585</ItemCode>
      <ItemType>1</ItemType>
      <ItemName>יופלה GO דובדבן0.7% 200ג</ItemName>
      <ManufacturerName>תנובה בעמ</ManufacturerName>
      <ManufactureCountry>IL</ManufactureCountry>
      <ManufacturerItemDescription>יופלה GO דובדבן</ManufacturerItemDescription>
      <UnitQty>גרמים</UnitQty>
      <Quantity>200.00</Quantity>
      <bIsWeighted>0</bIsWeighted>
      <UnitOfMeasure>100 גרם</UnitOfMeasure>
      <QtyInPackage>1</QtyInPackage>
      <ItemPrice>6.20</ItemPrice>
      <UnitOfMeasurePrice>3.10</UnitOfMeasurePrice>
      <AllowDiscount>1</AllowDiscount>
      <ItemStatus>1</ItemStatus>
    </Item>
    <Item>
      <PriceUpdateDate>2022-12-07 07:00</PriceUpdateDate>
      <ItemCode>7290110326333</ItemCode>
      <ItemType>1</ItemType>
      <ItemName>פרוסות גב.סקנדינבית 170ג</ItemName>
      <ManufacturerName>תנובה</ManufacturerName>
      <ManufactureCountry>IL</ManufactureCountry>
      <ManufacturerItemDescription>גבינה סקנדינבית</ManufacturerItemDescription>
      <UnitQty>גרמים</UnitQty>
      <Quantity>170.00</Quantity>
      <bIsWeighted>0</bIsWeighted>
      <UnitOfMeasure>100 גרם</UnitOfMeasure>
      <QtyInPackage>1</QtyInPackage>
      <ItemPrice>20.90</ItemPrice>
      <UnitOfMeasurePrice>12.29</UnitOfMeasurePrice>
      <AllowDiscount>1</AllowDiscount>
      <ItemStatus>1</ItemStatus>
    </Item>
    <Item>
      <PriceUpdateDate>2023-02-07 10:09</PriceUpdateDate>
      <ItemCode>7290110327736</ItemCode>
      <ItemType>1</ItemType>
      <ItemName>יולו שוקולד</ItemName>
      <ManufacturerName />
      <ManufactureCountry />
      <ManufacturerItemDescription>יולו שוקולד</ManufacturerItemDescription>
      <UnitQty>יחידה</UnitQty>
      <Quantity>1.00</Quantity>
      <bIsWeighted>0</bIsWeighted>
      <UnitOfMeasure>יחידה</UnitOfMeasure>
      <QtyInPackage>0</QtyInPackage>
      <ItemPrice>5.20</ItemPrice>
      <UnitOfMeasurePrice>5.20</UnitOfMeasurePrice>
      <AllowDiscount>1</AllowDiscount>
      <ItemStatus>1</ItemStatus>
    </Item>
    <Item>
      <PriceUpdateDate>2022-12-12 16:24</PriceUpdateDate>
      <ItemCode>7290110328764</ItemCode>
      <ItemType>1</ItemType>
      <ItemName>יוגורט גו קרמי תות0% 200</ItemName>
      <ManufacturerName>תנובה בעמ</ManufacturerName>
      <ManufactureCountry>IL</ManufactureCountry>
      <ManufacturerItemDescription>יוגורט גו קרמי</ManufacturerItemDescription>
      <UnitQty>גרמים</UnitQty>
      <Quantity>200.00</Quantity>
      <bIsWeighted>0</bIsWeighted>
      <UnitOfMeasure>100 גרם</UnitOfMeasure>
      <QtyInPackage>1</QtyInPackage>
      <ItemPrice>5.90</ItemPrice>
      <UnitOfMeasurePrice>2.95</UnitOfMeasurePrice>
      <AllowDiscount>1</AllowDiscount>
      <ItemStatus>1</ItemStatus>
    </Item>
    <Item>
      <PriceUpdateDate>2022-12-12 16:24</PriceUpdateDate>
      <ItemCode>7290110328771</ItemCode>
      <ItemType>1</ItemType>
      <ItemName>יוגורט גו קרמי פ.יער200ג</ItemName>
      <ManufacturerName>תנובה בעמ</ManufacturerName>
      <ManufactureCountry>IL</ManufactureCountry>
      <ManufacturerItemDescription>יוגורט גו קרמי</ManufacturerItemDescription>
      <UnitQty>גרמים</UnitQty>
      <Quantity>200.00</Quantity>
      <bIsWeighted>0</bIsWeighted>
      <UnitOfMeasure>100 גרם</UnitOfMeasure>
      <QtyInPackage>1</QtyInPackage>
      <ItemPrice>5.90</ItemPrice>
      <UnitOfMeasurePrice>2.95</UnitOfMeasurePrice>
      <AllowDiscount>1</AllowDiscount>
      <ItemStatus>1</ItemStatus>
    </Item>
    <Item>
      <PriceUpdateDate>2022-12-12 16:24</PriceUpdateDate>
      <ItemCode>7290110328788</ItemCode>
      <ItemType>1</ItemType>
      <ItemName>יוג.גו קרמי אפרסק0% 200ג</ItemName>
      <ManufacturerName>תנובה בעמ</ManufacturerName>
      <ManufactureCountry>IL</ManufactureCountry>
      <ManufacturerItemDescription>יוגורט גו סמיך</ManufacturerItemDescription>
      <UnitQty>גרמים</UnitQty>
      <Quantity>200.00</Quantity>
      <bIsWeighted>0</bIsWeighted>
      <UnitOfMeasure>100 גרם</UnitOfMeasure>
      <QtyInPackage>1</QtyInPackage>
      <ItemPrice>5.90</ItemPrice>
      <UnitOfMeasurePrice>2.95</UnitOfMeasurePrice>
      <AllowDiscount>1</AllowDiscount>
      <ItemStatus>1</ItemStatus>
    </Item>
    <Item>
      <PriceUpdateDate>2023-01-02 08:18</PriceUpdateDate>
      <ItemCode>7290110329792</ItemCode>
      <ItemType>1</ItemType>
      <ItemName>מעדן סויה ביו אפרסק150ג</ItemName>
      <ManufacturerName>תנובה בע"\מ</ManufacturerName>
      <ManufactureCountry>IL</ManufactureCountry>
      <ManufacturerItemDescription>מעדן סויה ביו</ManufacturerItemDescription>
      <UnitQty>גרמים</UnitQty>
      <Quantity>150.00</Quantity>
      <bIsWeighted>0</bIsWeighted>
      <UnitOfMeasure>100 גרם</UnitOfMeasure>
      <QtyInPackage>1</QtyInPackage>
      <ItemPrice>5.80</ItemPrice>
      <UnitOfMeasurePrice>3.87</UnitOfMeasurePrice>
      <AllowDiscount>1</AllowDiscount>
      <ItemStatus>1</ItemStatus>
    </Item>
    <Item>
      <PriceUpdateDate>2022-12-07 06:58</PriceUpdateDate>
      <ItemCode>7290110329822</ItemCode>
      <ItemType>1</ItemType>
      <ItemName>מעדן סויה ביו פ.יער150גר</ItemName>
      <ManufacturerName>תנובה בע"\מ</ManufacturerName>
      <ManufactureCountry>IL</ManufactureCountry>
      <ManufacturerItemDescription>מעדן סויה ביו</ManufacturerItemDescription>
      <UnitQty>גרמים</UnitQty>
      <Quantity>150.00</Quantity>
      <bIsWeighted>0</bIsWeighted>
      <UnitOfMeasure>100 גרם</UnitOfMeasure>
      <QtyInPackage>1</QtyInPackage>
      <ItemPrice>5.80</ItemPrice>
      <UnitOfMeasurePrice>3.87</UnitOfMeasurePrice>
      <AllowDiscount>1</AllowDiscount>
      <ItemStatus>1</ItemStatus>
    </Item>
    <Item>
      <PriceUpdateDate>2022-01-11 07:56</PriceUpdateDate>
      <ItemCode>7290110557027</ItemCode>
      <ItemType>1</ItemType>
      <ItemName>חומוס עשיר 50% טחינה 400</ItemName>
      <ManufacturerName>שטראוס גרופ בע"\מ</ManufacturerName>
      <ManufactureCountry>IL</ManufactureCountry>
      <ManufacturerItemDescription>חומוס עשיר 50% ט</ManufacturerItemDescription>
      <UnitQty>גרמים</UnitQty>
      <Quantity>400.00</Quantity>
      <bIsWeighted>0</bIsWeighted>
      <UnitOfMeasure>100 גרם</UnitOfMeasure>
      <QtyInPackage>1</QtyInPackage>
      <ItemPrice>14.90</ItemPrice>
      <UnitOfMeasurePrice>3.73</UnitOfMeasurePrice>
      <AllowDiscount>1</AllowDiscount>
      <ItemStatus>1</ItemStatus>
    </Item>
    <Item>
      <PriceUpdateDate>2023-03-05 09:04</PriceUpdateDate>
      <ItemCode>7290110560300</ItemCode>
      <ItemType>1</ItemType>
      <ItemName>פריכיות פלפל שחור30 גרם</ItemName>
      <ManufacturerName>פרח</ManufacturerName>
      <ManufactureCountry>IL</ManufactureCountry>
      <ManufacturerItemDescription>פריכיות אנרג'י</ManufacturerItemDescription>
      <UnitQty>גרמים</UnitQty>
      <Quantity>30.00</Quantity>
      <bIsWeighted>0</bIsWeighted>
      <UnitOfMeasure>100 גרם</UnitOfMeasure>
      <QtyInPackage>1</QtyInPackage>
      <ItemPrice>5.90</ItemPrice>
      <UnitOfMeasurePrice>19.67</UnitOfMeasurePrice>
      <AllowDiscount>1</AllowDiscount>
      <ItemStatus>1</ItemStatus>
    </Item>
    <Item>
      <PriceUpdateDate>2023-03-05 09:04</PriceUpdateDate>
      <ItemCode>7290110560317</ItemCode>
      <ItemType>1</ItemType>
      <ItemName>פריכיות משולש מלח ים30גר</ItemName>
      <ManufacturerName>פרח תעשיות מזון בע"\מ</ManufacturerName>
      <ManufactureCountry>IL</ManufactureCountry>
      <ManufacturerItemDescription>פריכיות אנרג'י</ManufacturerItemDescription>
      <UnitQty>גרמים</UnitQty>
      <Quantity>30.00</Quantity>
      <bIsWeighted>0</bIsWeighted>
      <UnitOfMeasure>100 גרם</UnitOfMeasure>
      <QtyInPackage>1</QtyInPackage>
      <ItemPrice>5.90</ItemPrice>
      <UnitOfMeasurePrice>19.67</UnitOfMeasurePrice>
      <AllowDiscount>1</AllowDiscount>
      <ItemStatus>1</ItemStatus>
    </Item>
    <Item>
      <PriceUpdateDate>2022-12-21 09:42</PriceUpdateDate>
      <ItemCode>7290110565527</ItemCode>
      <ItemType>1</ItemType>
      <ItemName>דנונה פרו 20ג חלבון 200ג</ItemName>
      <ManufacturerName>שטראוס גרופ בע"\מ</ManufacturerName>
      <ManufactureCountry>IL</ManufactureCountry>
      <ManufacturerItemDescription>דנונה פרו חלבון</ManufacturerItemDescription>
      <UnitQty>גרמים</UnitQty>
      <Quantity>200.00</Quantity>
      <bIsWeighted>0</bIsWeighted>
      <UnitOfMeasure>100 גרם</UnitOfMeasure>
      <QtyInPackage>1</QtyInPackage>
      <ItemPrice>6.50</ItemPrice>
      <UnitOfMeasurePrice>3.25</UnitOfMeasurePrice>
      <AllowDiscount>1</AllowDiscount>
      <ItemStatus>1</ItemStatus>
    </Item>
    <Item>
      <PriceUpdateDate>2022-12-20 09:11</PriceUpdateDate>
      <ItemCode>7290110568276</ItemCode>
      <ItemType>1</ItemType>
      <ItemName>משקה פרו וניל יטבתה350מ</ItemName>
      <ManufacturerName>מחלבת יטבתה</ManufacturerName>
      <ManufactureCountry>IL</ManufactureCountry>
      <ManufacturerItemDescription>משקה פרו וניל</ManufacturerItemDescription>
      <UnitQty>גרמים</UnitQty>
      <Quantity>350.00</Quantity>
      <bIsWeighted>0</bIsWeighted>
      <UnitOfMeasure>100 גרם</UnitOfMeasure>
      <QtyInPackage>1</QtyInPackage>
      <ItemPrice>7.30</ItemPrice>
      <UnitOfMeasurePrice>2.09</UnitOfMeasurePrice>
      <AllowDiscount>1</AllowDiscount>
      <ItemStatus>1</ItemStatus>
    </Item>
    <Item>
      <PriceUpdateDate>2023-01-24 12:31</PriceUpdateDate>
      <ItemCode>7290110568559</ItemCode>
      <ItemType>1</ItemType>
      <ItemName>דוריטוס חמוץ חריף 25*10ג</ItemName>
      <ManufacturerName>שטראוס פריטו ליי בע"מ )פ</ManufacturerName>
      <ManufactureCountry>IL</ManufactureCountry>
      <ManufacturerItemDescription>דוריטוס 10 יח</ManufacturerItemDescription>
      <UnitQty>גרמים</UnitQty>
      <Quantity>250.00</Quantity>
      <bIsWeighted>0</bIsWeighted>
      <UnitOfMeasure>100 גרם</UnitOfMeasure>
      <QtyInPackage>1</QtyInPackage>
      <ItemPrice>11.90</ItemPrice>
      <UnitOfMeasurePrice>4.76</UnitOfMeasurePrice>
      <AllowDiscount>1</AllowDiscount>
      <ItemStatus>1</ItemStatus>
    </Item>
    <Item>
      <PriceUpdateDate>2023-02-10 05:35</PriceUpdateDate>
      <ItemCode>7290110576660</ItemCode>
      <ItemType>1</ItemType>
      <ItemName>גמדים פאוץ פ.טרופים100גר</ItemName>
      <ManufacturerName>שטראוס בריאות בע"\מ</ManufacturerName>
      <ManufactureCountry>IL</ManufactureCountry>
      <ManufacturerItemDescription>גמדים פאוץ</ManufacturerItemDescription>
      <UnitQty>גרמים</UnitQty>
      <Quantity>100.00</Quantity>
      <bIsWeighted>0</bIsWeighted>
      <UnitOfMeasure>100 גרם</UnitOfMeasure>
      <QtyInPackage>1</QtyInPackage>
      <ItemPrice>5.90</ItemPrice>
      <UnitOfMeasurePrice>5.90</UnitOfMeasurePrice>
      <AllowDiscount>1</AllowDiscount>
      <ItemStatus>1</ItemStatus>
    </Item>
    <Item>
      <PriceUpdateDate>2023-02-06 08:57</PriceUpdateDate>
      <ItemCode>7290110577254</ItemCode>
      <ItemType>1</ItemType>
      <ItemName>משקה פרו קפה לל"ס 350מ"ל</ItemName>
      <ManufacturerName>מחלבת יטבתה</ManufacturerName>
      <ManufactureCountry>IL</ManufactureCountry>
      <ManufacturerItemDescription>משקה פרו קפה</ManufacturerItemDescription>
      <UnitQty>מיליליטרים</UnitQty>
      <Quantity>350.00</Quantity>
      <bIsWeighted>0</bIsWeighted>
      <UnitOfMeasure>100 מ"ל</UnitOfMeasure>
      <QtyInPackage>1</QtyInPackage>
      <ItemPrice>7.30</ItemPrice>
      <UnitOfMeasurePrice>2.09</UnitOfMeasurePrice>
      <AllowDiscount>1</AllowDiscount>
      <ItemStatus>1</ItemStatus>
    </Item>
    <Item>
      <PriceUpdateDate>2021-07-13 08:18</PriceUpdateDate>
      <ItemCode>7290111342042</ItemCode>
      <ItemType>1</ItemType>
      <ItemName>כרית יפנית אנטיבקטריאלית</ItemName>
      <ManufacturerName>---</ManufacturerName>
      <ManufactureCountry>IL</ManufactureCountry>
      <ManufacturerItemDescription>כריות יפניות</ManufacturerItemDescription>
      <UnitQty>יחידה</UnitQty>
      <Quantity>1.00</Quantity>
      <bIsWeighted>0</bIsWeighted>
      <UnitOfMeasure>יחידה</UnitOfMeasure>
      <QtyInPackage>1</QtyInPackage>
      <ItemPrice>12.90</ItemPrice>
      <UnitOfMeasurePrice>12.90</UnitOfMeasurePrice>
      <AllowDiscount>1</AllowDiscount>
      <ItemStatus>1</ItemStatus>
    </Item>
    <Item>
      <PriceUpdateDate>2023-04-14 09:13</PriceUpdateDate>
      <ItemCode>7290111352966</ItemCode>
      <ItemType>1</ItemType>
      <ItemName>סוכ.חמוצות ממולאות 250גר</ItemName>
      <ManufacturerName>סאדאט</ManufacturerName>
      <ManufactureCountry>TR</ManufactureCountry>
      <ManufacturerItemDescription>סוכריות ממולאות</ManufacturerItemDescription>
      <UnitQty>גרמים</UnitQty>
      <Quantity>250.00</Quantity>
      <bIsWeighted>0</bIsWeighted>
      <UnitOfMeasure>100 גרם</UnitOfMeasure>
      <QtyInPackage>1</QtyInPackage>
      <ItemPrice>8.70</ItemPrice>
      <UnitOfMeasurePrice>3.48</UnitOfMeasurePrice>
      <AllowDiscount>1</AllowDiscount>
      <ItemStatus>1</ItemStatus>
    </Item>
    <Item>
      <PriceUpdateDate>2020-11-13 05:41</PriceUpdateDate>
      <ItemCode>7290111353079</ItemCode>
      <ItemType>1</ItemType>
      <ItemName>סוכ.גומי דובונים 180 גרם</ItemName>
      <ManufacturerName>סאדאט גידא</ManufacturerName>
      <ManufactureCountry>TR</ManufactureCountry>
      <ManufacturerItemDescription>סוכריות גומי</ManufacturerItemDescription>
      <UnitQty>גרמים</UnitQty>
      <Quantity>180.00</Quantity>
      <bIsWeighted>0</bIsWeighted>
      <UnitOfMeasure>100 גרם</UnitOfMeasure>
      <QtyInPackage>1</QtyInPackage>
      <ItemPrice>10.90</ItemPrice>
      <UnitOfMeasurePrice>6.06</UnitOfMeasurePrice>
      <AllowDiscount>1</AllowDiscount>
      <ItemStatus>1</ItemStatus>
    </Item>
    <Item>
      <PriceUpdateDate>2023-03-05 09:04</PriceUpdateDate>
      <ItemCode>7290111568206</ItemCode>
      <ItemType>1</ItemType>
      <ItemName>ביסלי פארטי מיקס 150 גרם</ItemName>
      <ManufacturerName>אסם</ManufacturerName>
      <ManufactureCountry>IL</ManufactureCountry>
      <ManufacturerItemDescription>ביסלי פארטי מיקס</ManufacturerItemDescription>
      <UnitQty>גרמים</UnitQty>
      <Quantity>150.00</Quantity>
      <bIsWeighted>0</bIsWeighted>
      <UnitOfMeasure>100 גרם</UnitOfMeasure>
      <QtyInPackage>1</QtyInPackage>
      <ItemPrice>8.30</ItemPrice>
      <UnitOfMeasurePrice>5.53</UnitOfMeasurePrice>
      <AllowDiscount>1</AllowDiscount>
      <ItemStatus>1</ItemStatus>
    </Item>
    <Item>
      <PriceUpdateDate>2023-04-11 04:40</PriceUpdateDate>
      <ItemCode>7290111568275</ItemCode>
      <ItemType>1</ItemType>
      <ItemName>נודלס אטריות אורז רחב300</ItemName>
      <ManufacturerName>תאי פרזידנט</ManufacturerName>
      <ManufactureCountry>TH</ManufactureCountry>
      <ManufacturerItemDescription>נודלס אטריות</ManufacturerItemDescription>
      <UnitQty>גרמים</UnitQty>
      <Quantity>300.00</Quantity>
      <bIsWeighted>0</bIsWeighted>
      <UnitOfMeasure>100 גרם</UnitOfMeasure>
      <QtyInPackage>1</QtyInPackage>
      <ItemPrice>11.90</ItemPrice>
      <UnitOfMeasurePrice>3.97</UnitOfMeasurePrice>
      <AllowDiscount>1</AllowDiscount>
      <ItemStatus>1</ItemStatus>
    </Item>
    <Item>
      <PriceUpdateDate>2018-11-19 07:53</PriceUpdateDate>
      <ItemCode>7290112000286</ItemCode>
      <ItemType>1</ItemType>
      <ItemName>סיליט ג'ל לאסלה לימון750</ItemName>
      <ManufacturerName>רקיט בנקיזר</ManufacturerName>
      <ManufactureCountry>PL</ManufactureCountry>
      <ManufacturerItemDescription>סיליט ג'ל אסלה</ManufacturerItemDescription>
      <UnitQty>מיליליטרים</UnitQty>
      <Quantity>750.00</Quantity>
      <bIsWeighted>0</bIsWeighted>
      <UnitOfMeasure>100 מ"ל</UnitOfMeasure>
      <QtyInPackage>1</QtyInPackage>
      <ItemPrice>9.90</ItemPrice>
      <UnitOfMeasurePrice>1.32</UnitOfMeasurePrice>
      <AllowDiscount>1</AllowDiscount>
      <ItemStatus>1</ItemStatus>
    </Item>
    <Item>
      <PriceUpdateDate>2022-12-21 09:42</PriceUpdateDate>
      <ItemCode>7290112332691</ItemCode>
      <ItemType>1</ItemType>
      <ItemName>פינוקיות קרם פסק זמן200ג</ItemName>
      <ManufacturerName>הגביע מוצרי וופלים בע"\מ</ManufacturerName>
      <ManufactureCountry>IL</ManufactureCountry>
      <ManufacturerItemDescription>פינוקיות פסק זמן</ManufacturerItemDescription>
      <UnitQty>גרמים</UnitQty>
      <Quantity>200.00</Quantity>
      <bIsWeighted>0</bIsWeighted>
      <UnitOfMeasure>100 גרם</UnitOfMeasure>
      <QtyInPackage>1</QtyInPackage>
      <ItemPrice>12.60</ItemPrice>
      <UnitOfMeasurePrice>6.30</UnitOfMeasurePrice>
      <AllowDiscount>1</AllowDiscount>
      <ItemStatus>1</ItemStatus>
    </Item>
    <Item>
      <PriceUpdateDate>2023-01-24 12:31</PriceUpdateDate>
      <ItemCode>7290112335500</ItemCode>
      <ItemType>1</ItemType>
      <ItemName>פריכיות טעימות חלבון135ג</ItemName>
      <ManufacturerName>פרח תעשיות מזון בע"\מ</ManufacturerName>
      <ManufactureCountry>IL</ManufactureCountry>
      <ManufacturerItemDescription>פריכיות טעימות</ManufacturerItemDescription>
      <UnitQty>גרמים</UnitQty>
      <Quantity>135.00</Quantity>
      <bIsWeighted>0</bIsWeighted>
      <UnitOfMeasure>100 גרם</UnitOfMeasure>
      <QtyInPackage>1</QtyInPackage>
      <ItemPrice>9.50</ItemPrice>
      <UnitOfMeasurePrice>7.04</UnitOfMeasurePrice>
      <AllowDiscount>1</AllowDiscount>
      <ItemStatus>1</ItemStatus>
    </Item>
    <Item>
      <PriceUpdateDate>2019-02-15 05:38</PriceUpdateDate>
      <ItemCode>7290112339867</ItemCode>
      <ItemType>1</ItemType>
      <ItemName>גמדים סקוויז לדרך תות100</ItemName>
      <ManufacturerName>שטראוס בריאות בע"\מ</ManufacturerName>
      <ManufactureCountry>IL</ManufactureCountry>
      <ManufacturerItemDescription>גמדים לדרך</ManufacturerItemDescription>
      <UnitQty>גרמים</UnitQty>
      <Quantity>100.00</Quantity>
      <bIsWeighted>0</bIsWeighted>
      <UnitOfMeasure>100 גרם</UnitOfMeasure>
      <QtyInPackage>1</QtyInPackage>
      <ItemPrice>5.90</ItemPrice>
      <UnitOfMeasurePrice>5.90</UnitOfMeasurePrice>
      <AllowDiscount>1</AllowDiscount>
      <ItemStatus>1</ItemStatus>
    </Item>
    <Item>
      <PriceUpdateDate>2022-12-20 09:11</PriceUpdateDate>
      <ItemCode>7290112340245</ItemCode>
      <ItemType>1</ItemType>
      <ItemName>מסטיק דובדבן צנצנת 66גרם</ItemName>
      <ManufacturerName>אסקום קונפקשיין</ManufacturerName>
      <ManufactureCountry>DE</ManufactureCountry>
      <ManufacturerItemDescription>מסטיק דובדבן</ManufacturerItemDescription>
      <UnitQty>גרמים</UnitQty>
      <Quantity>66.00</Quantity>
      <bIsWeighted>0</bIsWeighted>
      <UnitOfMeasure>100 גרם</UnitOfMeasure>
      <QtyInPackage>1</QtyInPackage>
      <ItemPrice>12.20</ItemPrice>
      <UnitOfMeasurePrice>18.48</UnitOfMeasurePrice>
      <AllowDiscount>1</AllowDiscount>
      <ItemStatus>1</ItemStatus>
    </Item>
    <Item>
      <PriceUpdateDate>2022-12-21 09:42</PriceUpdateDate>
      <ItemCode>7290112343420</ItemCode>
      <ItemType>1</ItemType>
      <ItemName>יטבתה פרו ארוחת בוקר350מ</ItemName>
      <ManufacturerName>מחלבת יטבתה</ManufacturerName>
      <ManufactureCountry>IL</ManufactureCountry>
      <ManufacturerItemDescription>יטבתה פרו משקה</ManufacturerItemDescription>
      <UnitQty>מיליליטרים</UnitQty>
      <Quantity>350.00</Quantity>
      <bIsWeighted>0</bIsWeighted>
      <UnitOfMeasure>100 מ"ל</UnitOfMeasure>
      <QtyInPackage>1</QtyInPackage>
      <ItemPrice>8.30</ItemPrice>
      <UnitOfMeasurePrice>2.37</UnitOfMeasurePrice>
      <AllowDiscount>1</AllowDiscount>
      <ItemStatus>1</ItemStatus>
    </Item>
    <Item>
      <PriceUpdateDate>2022-12-21 09:42</PriceUpdateDate>
      <ItemCode>7290112344410</ItemCode>
      <ItemType>1</ItemType>
      <ItemName>דבש טהור 400 גרם</ItemName>
      <ManufacturerName>מכוורת יד מרדכי שטראוס ב</ManufacturerName>
      <ManufactureCountry>IL</ManufactureCountry>
      <ManufacturerItemDescription>דבש טהור</ManufacturerItemDescription>
      <UnitQty>גרמים</UnitQty>
      <Quantity>400.00</Quantity>
      <bIsWeighted>0</bIsWeighted>
      <UnitOfMeasure>100 גרם</UnitOfMeasure>
      <QtyInPackage>1</QtyInPackage>
      <ItemPrice>25.00</ItemPrice>
      <UnitOfMeasurePrice>6.25</UnitOfMeasurePrice>
      <AllowDiscount>1</AllowDiscount>
      <ItemStatus>1</ItemStatus>
    </Item>
    <Item>
      <PriceUpdateDate>2022-12-21 09:42</PriceUpdateDate>
      <ItemCode>7290112348142</ItemCode>
      <ItemType>1</ItemType>
      <ItemName>שעועית לבנה 380 גרם</ItemName>
      <ManufacturerName>קונסרב איטליה</ManufacturerName>
      <ManufactureCountry>IT</ManufactureCountry>
      <ManufacturerItemDescription>שעועית לבנה</ManufacturerItemDescription>
      <UnitQty>גרמים</UnitQty>
      <Quantity>380.00</Quantity>
      <bIsWeighted>0</bIsWeighted>
      <UnitOfMeasure>100 גרם</UnitOfMeasure>
      <QtyInPackage>1</QtyInPackage>
      <ItemPrice>8.70</ItemPrice>
      <UnitOfMeasurePrice>2.29</UnitOfMeasurePrice>
      <AllowDiscount>1</AllowDiscount>
      <ItemStatus>1</ItemStatus>
    </Item>
    <Item>
      <PriceUpdateDate>2020-07-10 05:55</PriceUpdateDate>
      <ItemCode>7290112349538</ItemCode>
      <ItemType>1</ItemType>
      <ItemName>קפה טורקי עלית 160 גרם</ItemName>
      <ManufacturerName>שטראוס קפה בי.וי.</ManufacturerName>
      <ManufactureCountry>IL</ManufactureCountry>
      <ManufacturerItemDescription>קפה טורקי עלית</ManufacturerItemDescription>
      <UnitQty>גרמים</UnitQty>
      <Quantity>160.00</Quantity>
      <bIsWeighted>0</bIsWeighted>
      <UnitOfMeasure>100 גרם</UnitOfMeasure>
      <QtyInPackage>1</QtyInPackage>
      <ItemPrice>13.90</ItemPrice>
      <UnitOfMeasurePrice>8.69</UnitOfMeasurePrice>
      <AllowDiscount>1</AllowDiscount>
      <ItemStatus>1</ItemStatus>
    </Item>
    <Item>
      <PriceUpdateDate>2022-12-21 09:42</PriceUpdateDate>
      <ItemCode>7290112351104</ItemCode>
      <ItemType>1</ItemType>
      <ItemName>שוק.פרה פצפוצי אורז 100ג</ItemName>
      <ManufacturerName>שטראוס גרופ בע"\מ</ManufacturerName>
      <ManufactureCountry>IL</ManufactureCountry>
      <ManufacturerItemDescription>שוקולד פרה</ManufacturerItemDescription>
      <UnitQty>גרמים</UnitQty>
      <Quantity>100.00</Quantity>
      <bIsWeighted>0</bIsWeighted>
      <UnitOfMeasure>100 גרם</UnitOfMeasure>
      <QtyInPackage>1</QtyInPackage>
      <ItemPrice>7.00</ItemPrice>
      <UnitOfMeasurePrice>7.00</UnitOfMeasurePrice>
      <AllowDiscount>1</AllowDiscount>
      <ItemStatus>1</ItemStatus>
    </Item>
    <Item>
      <PriceUpdateDate>2022-12-21 09:42</PriceUpdateDate>
      <ItemCode>7290112351128</ItemCode>
      <ItemType>1</ItemType>
      <ItemName>שוק.עם סוכריות קופצות90</ItemName>
      <ManufacturerName>שטראוס גרופ בע"\מ</ManufacturerName>
      <ManufactureCountry>IL</ManufactureCountry>
      <ManufacturerItemDescription>שוקולד פרה</ManufacturerItemDescription>
      <UnitQty>גרמים</UnitQty>
      <Quantity>90.00</Quantity>
      <bIsWeighted>0</bIsWeighted>
      <UnitOfMeasure>100 גרם</UnitOfMeasure>
      <QtyInPackage>1</QtyInPackage>
      <ItemPrice>7.00</ItemPrice>
      <UnitOfMeasurePrice>7.78</UnitOfMeasurePrice>
      <AllowDiscount>1</AllowDiscount>
      <ItemStatus>1</ItemStatus>
    </Item>
    <Item>
      <PriceUpdateDate>2021-01-15 05:36</PriceUpdateDate>
      <ItemCode>7290112355102</ItemCode>
      <ItemType>1</ItemType>
      <ItemName>גמדים לדרך סלט פירות100ג</ItemName>
      <ManufacturerName>שטראוס בריאות בע"\מ</ManufacturerName>
      <ManufactureCountry>IL</ManufactureCountry>
      <ManufacturerItemDescription>גמדים לדרך</ManufacturerItemDescription>
      <UnitQty>גרמים</UnitQty>
      <Quantity>100.00</Quantity>
      <bIsWeighted>0</bIsWeighted>
      <UnitOfMeasure>100 גרם</UnitOfMeasure>
      <QtyInPackage>1</QtyInPackage>
      <ItemPrice>5.90</ItemPrice>
      <UnitOfMeasurePrice>5.90</UnitOfMeasurePrice>
      <AllowDiscount>0</AllowDiscount>
      <ItemStatus>1</ItemStatus>
    </Item>
    <Item>
      <PriceUpdateDate>2022-12-21 09:42</PriceUpdateDate>
      <ItemCode>7290112357106</ItemCode>
      <ItemType>1</ItemType>
      <ItemName>שעועית אדומה 380 גרם</ItemName>
      <ManufacturerName>קונסרב איטליה</ManufacturerName>
      <ManufactureCountry>IT</ManufactureCountry>
      <ManufacturerItemDescription>שעועית אדומה</ManufacturerItemDescription>
      <UnitQty>גרמים</UnitQty>
      <Quantity>380.00</Quantity>
      <bIsWeighted>0</bIsWeighted>
      <UnitOfMeasure>100 גרם</UnitOfMeasure>
      <QtyInPackage>1</QtyInPackage>
      <ItemPrice>8.70</ItemPrice>
      <UnitOfMeasurePrice>2.29</UnitOfMeasurePrice>
      <AllowDiscount>1</AllowDiscount>
      <ItemStatus>1</ItemStatus>
    </Item>
    <Item>
      <PriceUpdateDate>2023-04-14 09:13</PriceUpdateDate>
      <ItemCode>7290112492944</ItemCode>
      <ItemType>1</ItemType>
      <ItemName>מרק עוף אמיתי כשל"פ400גר</ItemName>
      <ManufacturerName>יוניליוור ישראל מזון בע\</ManufacturerName>
      <ManufactureCountry>IL</ManufactureCountry>
      <ManufacturerItemDescription>מרק עוף אמיתי</ManufacturerItemDescription>
      <UnitQty>גרמים</UnitQty>
      <Quantity>400.00</Quantity>
      <bIsWeighted>0</bIsWeighted>
      <UnitOfMeasure>100 גרם</UnitOfMeasure>
      <QtyInPackage>1</QtyInPackage>
      <ItemPrice>18.90</ItemPrice>
      <UnitOfMeasurePrice>4.72</UnitOfMeasurePrice>
      <AllowDiscount>1</AllowDiscount>
      <ItemStatus>1</ItemStatus>
    </Item>
    <Item>
      <PriceUpdateDate>2023-04-14 09:13</PriceUpdateDate>
      <ItemCode>7290112492999</ItemCode>
      <ItemType>1</ItemType>
      <ItemName>מרק טעם עוף 400 גרם</ItemName>
      <ManufacturerName>יוניליוור ישראל מזון בע\</ManufacturerName>
      <ManufactureCountry>IL</ManufactureCountry>
      <ManufacturerItemDescription>מרק בטעם עוף</ManufacturerItemDescription>
      <UnitQty>גרמים</UnitQty>
      <Quantity>400.00</Quantity>
      <bIsWeighted>0</bIsWeighted>
      <UnitOfMeasure>100 גרם</UnitOfMeasure>
      <QtyInPackage>1</QtyInPackage>
      <ItemPrice>18.20</ItemPrice>
      <UnitOfMeasurePrice>4.55</UnitOfMeasurePrice>
      <AllowDiscount>1</AllowDiscount>
      <ItemStatus>1</ItemStatus>
    </Item>
    <Item>
      <PriceUpdateDate>2023-04-14 09:13</PriceUpdateDate>
      <ItemCode>7290112493316</ItemCode>
      <ItemType>1</ItemType>
      <ItemName>מרק עשיר אפונה ר.טבעי117</ItemName>
      <ManufacturerName>יוניליוור ישראל מזון בעמ</ManufacturerName>
      <ManufactureCountry>IL</ManufactureCountry>
      <ManufacturerItemDescription>מרק עשיר אפונה</ManufacturerItemDescription>
      <UnitQty>גרמים</UnitQty>
      <Quantity>117.00</Quantity>
      <bIsWeighted>0</bIsWeighted>
      <UnitOfMeasure>100 גרם</UnitOfMeasure>
      <QtyInPackage>1</QtyInPackage>
      <ItemPrice>14.60</ItemPrice>
      <UnitOfMeasurePrice>12.48</UnitOfMeasurePrice>
      <AllowDiscount>1</AllowDiscount>
      <ItemStatus>1</ItemStatus>
    </Item>
    <Item>
      <PriceUpdateDate>2023-04-14 09:13</PriceUpdateDate>
      <ItemCode>7290112494276</ItemCode>
      <ItemType>1</ItemType>
      <ItemName>קליק כריות 65 גרם</ItemName>
      <ManufacturerName>יוניליוור ישראל מזון בע\</ManufacturerName>
      <ManufactureCountry>IL</ManufactureCountry>
      <ManufacturerItemDescription>קליק כריות</ManufacturerItemDescription>
      <UnitQty>גרמים</UnitQty>
      <Quantity>65.00</Quantity>
      <bIsWeighted>0</bIsWeighted>
      <UnitOfMeasure>100 גרם</UnitOfMeasure>
      <QtyInPackage>1</QtyInPackage>
      <ItemPrice>7.40</ItemPrice>
      <UnitOfMeasurePrice>11.38</UnitOfMeasurePrice>
      <AllowDiscount>1</AllowDiscount>
      <ItemStatus>1</ItemStatus>
    </Item>
    <Item>
      <PriceUpdateDate>2023-04-14 09:13</PriceUpdateDate>
      <ItemCode>7290112494313</ItemCode>
      <ItemType>1</ItemType>
      <ItemName>קליק קורנפלקס 65 גרם</ItemName>
      <ManufacturerName>יוניליוור ישראל מזון בע\</ManufacturerName>
      <ManufactureCountry>IL</ManufactureCountry>
      <ManufacturerItemDescription>קליק קורנפלקס</ManufacturerItemDescription>
      <UnitQty>גרמים</UnitQty>
      <Quantity>65.00</Quantity>
      <bIsWeighted>0</bIsWeighted>
      <UnitOfMeasure>100 גרם</UnitOfMeasure>
      <QtyInPackage>1</QtyInPackage>
      <ItemPrice>7.40</ItemPrice>
      <UnitOfMeasurePrice>11.38</UnitOfMeasurePrice>
      <AllowDiscount>1</AllowDiscount>
      <ItemStatus>1</ItemStatus>
    </Item>
    <Item>
      <PriceUpdateDate>2023-04-14 09:13</PriceUpdateDate>
      <ItemCode>7290112494344</ItemCode>
      <ItemType>1</ItemType>
      <ItemName>קורנפלקס של אלופים 850 ג</ItemName>
      <ManufacturerName>יוניליוור שפע ישראל בע"\</ManufacturerName>
      <ManufactureCountry>IL</ManufactureCountry>
      <ManufacturerItemDescription>קורנפלקס אלופים</ManufacturerItemDescription>
      <UnitQty>גרמים</UnitQty>
      <Quantity>850.00</Quantity>
      <bIsWeighted>0</bIsWeighted>
      <UnitOfMeasure>100 גרם</UnitOfMeasure>
      <QtyInPackage>1</QtyInPackage>
      <ItemPrice>20.80</ItemPrice>
      <UnitOfMeasurePrice>2.45</UnitOfMeasurePrice>
      <AllowDiscount>1</AllowDiscount>
      <ItemStatus>1</ItemStatus>
    </Item>
    <Item>
      <PriceUpdateDate>2023-04-14 09:13</PriceUpdateDate>
      <ItemCode>7290112494351</ItemCode>
      <ItemType>1</ItemType>
      <ItemName>קורנפלקס אלופים בדץ 850ג</ItemName>
      <ManufacturerName>יוניליוור שפע ישראל בע"\</ManufacturerName>
      <ManufactureCountry>IL</ManufactureCountry>
      <ManufacturerItemDescription>קורנפלקס אלופים</ManufacturerItemDescription>
      <UnitQty>גרמים</UnitQty>
      <Quantity>850.00</Quantity>
      <bIsWeighted>0</bIsWeighted>
      <UnitOfMeasure>100 גרם</UnitOfMeasure>
      <QtyInPackage>1</QtyInPackage>
      <ItemPrice>20.80</ItemPrice>
      <UnitOfMeasurePrice>2.45</UnitOfMeasurePrice>
      <AllowDiscount>1</AllowDiscount>
      <ItemStatus>1</ItemStatus>
    </Item>
    <Item>
      <PriceUpdateDate>2023-04-14 09:13</PriceUpdateDate>
      <ItemCode>7290112495150</ItemCode>
      <ItemType>1</ItemType>
      <ItemName>נשנושי קרקר מלוח 300 גרם</ItemName>
      <ManufacturerName>בייגל את בייגל מזון 198)</ManufacturerName>
      <ManufactureCountry>IL</ManufactureCountry>
      <ManufacturerItemDescription>נשנושי קרקר</ManufacturerItemDescription>
      <UnitQty>גרמים</UnitQty>
      <Quantity>300.00</Quantity>
      <bIsWeighted>0</bIsWeighted>
      <UnitOfMeasure>100 גרם</UnitOfMeasure>
      <QtyInPackage>1</QtyInPackage>
      <ItemPrice>16.90</ItemPrice>
      <UnitOfMeasurePrice>5.63</UnitOfMeasurePrice>
      <AllowDiscount>1</AllowDiscount>
      <ItemStatus>1</ItemStatus>
    </Item>
    <Item>
      <PriceUpdateDate>2023-04-14 09:13</PriceUpdateDate>
      <ItemCode>7290112495280</ItemCode>
      <ItemType>1</ItemType>
      <ItemName>ברנפלקס ריבועי קינמון400</ItemName>
      <ManufacturerName>יוניליוור שפע ישראל בע"\</ManufacturerName>
      <ManufactureCountry>IL</ManufactureCountry>
      <ManufacturerItemDescription>ברנפלקס קינמון</ManufacturerItemDescription>
      <UnitQty>גרמים</UnitQty>
      <Quantity>400.00</Quantity>
      <bIsWeighted>0</bIsWeighted>
      <UnitOfMeasure>100 גרם</UnitOfMeasure>
      <QtyInPackage>1</QtyInPackage>
      <ItemPrice>27.50</ItemPrice>
      <UnitOfMeasurePrice>6.88</UnitOfMeasurePrice>
      <AllowDiscount>1</AllowDiscount>
      <ItemStatus>1</ItemStatus>
    </Item>
    <Item>
      <PriceUpdateDate>2023-04-14 09:13</PriceUpdateDate>
      <ItemCode>7290112495747</ItemCode>
      <ItemType>1</ItemType>
      <ItemName>רוט.צילי מתוק70%פחות340ג</ItemName>
      <ManufacturerName>יוניליוור ישראל מזון בע\</ManufacturerName>
      <ManufactureCountry>IL</ManufactureCountry>
      <ManufacturerItemDescription>רוטב צ'ילי מתוק</ManufacturerItemDescription>
      <UnitQty>גרמים</UnitQty>
      <Quantity>340.00</Quantity>
      <bIsWeighted>0</bIsWeighted>
      <UnitOfMeasure>100 גרם</UnitOfMeasure>
      <QtyInPackage>1</QtyInPackage>
      <ItemPrice>11.90</ItemPrice>
      <UnitOfMeasurePrice>3.50</UnitOfMeasurePrice>
      <AllowDiscount>1</AllowDiscount>
      <ItemStatus>1</ItemStatus>
    </Item>
    <Item>
      <PriceUpdateDate>2023-04-14 09:13</PriceUpdateDate>
      <ItemCode>7290112495754</ItemCode>
      <ItemType>1</ItemType>
      <ItemName>רוטב לסלט אלף האיים305גר</ItemName>
      <ManufacturerName>יוניליוור ישראל מזון בעמ</ManufacturerName>
      <ManufactureCountry>IL</ManufactureCountry>
      <ManufacturerItemDescription>רוטב אלף האיים</ManufacturerItemDescription>
      <UnitQty>גרמים</UnitQty>
      <Quantity>305.00</Quantity>
      <bIsWeighted>0</bIsWeighted>
      <UnitOfMeasure>100 גרם</UnitOfMeasure>
      <QtyInPackage>1</QtyInPackage>
      <ItemPrice>14.90</ItemPrice>
      <UnitOfMeasurePrice>4.89</UnitOfMeasurePrice>
      <AllowDiscount>1</AllowDiscount>
      <ItemStatus>1</ItemStatus>
    </Item>
    <Item>
      <PriceUpdateDate>2023-02-21 09:33</PriceUpdateDate>
      <ItemCode>7290112499080</ItemCode>
      <ItemType>1</ItemType>
      <ItemName>סולרו בר גלידת שרבט עם ק</ItemName>
      <ManufacturerName>מיוצר ע"\י גלידת שטראוס</ManufacturerName>
      <ManufactureCountry>IL</ManufactureCountry>
      <ManufacturerItemDescription>סולרו בר גלידה ק</ManufacturerItemDescription>
      <UnitQty>גרמים</UnitQty>
      <Quantity>65.00</Quantity>
      <bIsWeighted>0</bIsWeighted>
      <UnitOfMeasure>100 גרם</UnitOfMeasure>
      <QtyInPackage>1</QtyInPackage>
      <ItemPrice>10.90</ItemPrice>
      <UnitOfMeasurePrice>16.77</UnitOfMeasurePrice>
      <AllowDiscount>1</AllowDiscount>
      <ItemStatus>1</ItemStatus>
    </Item>
    <Item>
      <PriceUpdateDate>2023-02-21 09:33</PriceUpdateDate>
      <ItemCode>7290112499141</ItemCode>
      <ItemType>1</ItemType>
      <ItemName>סולרו בטעם וניל ותפוח</ItemName>
      <ManufacturerName>מיוצר ע"\י גלידת שטראוס</ManufacturerName>
      <ManufactureCountry>IL</ManufactureCountry>
      <ManufacturerItemDescription>סולרו בטעם וניל</ManufacturerItemDescription>
      <UnitQty>יחידה</UnitQty>
      <Quantity>1.00</Quantity>
      <bIsWeighted>0</bIsWeighted>
      <UnitOfMeasure>יחידה</UnitOfMeasure>
      <QtyInPackage>1</QtyInPackage>
      <ItemPrice>10.90</ItemPrice>
      <UnitOfMeasurePrice>10.90</UnitOfMeasurePrice>
      <AllowDiscount>1</AllowDiscount>
      <ItemStatus>1</ItemStatus>
    </Item>
    <Item>
      <PriceUpdateDate>2023-02-21 09:33</PriceUpdateDate>
      <ItemCode>7290112499639</ItemCode>
      <ItemType>1</ItemType>
      <ItemName>טילון סופר מגנום ונילשוק</ItemName>
      <ManufacturerName>מיוצר ע"\י גלידת שטראוס</ManufacturerName>
      <ManufactureCountry>IL</ManufactureCountry>
      <ManufacturerItemDescription>טילון סופר מגנום</ManufacturerItemDescription>
      <UnitQty>יחידה</UnitQty>
      <Quantity>1.00</Quantity>
      <bIsWeighted>0</bIsWeighted>
      <UnitOfMeasure>יחידה</UnitOfMeasure>
      <QtyInPackage>1</QtyInPackage>
      <ItemPrice>11.90</ItemPrice>
      <UnitOfMeasurePrice>11.90</UnitOfMeasurePrice>
      <AllowDiscount>1</AllowDiscount>
      <ItemStatus>1</ItemStatus>
    </Item>
    <Item>
      <PriceUpdateDate>2023-02-21 09:33</PriceUpdateDate>
      <ItemCode>7290112499677</ItemCode>
      <ItemType>1</ItemType>
      <ItemName>מגנום שוקולד לבן 85 גרם</ItemName>
      <ManufacturerName>מיוצר ע"\י גלידת שטראוס</ManufacturerName>
      <ManufactureCountry>IL</ManufactureCountry>
      <ManufacturerItemDescription>מגנום שוקולדלבן</ManufacturerItemDescription>
      <UnitQty>יחידה</UnitQty>
      <Quantity>1.00</Quantity>
      <bIsWeighted>0</bIsWeighted>
      <UnitOfMeasure>יחידה</UnitOfMeasure>
      <QtyInPackage>1</QtyInPackage>
      <ItemPrice>11.90</ItemPrice>
      <UnitOfMeasurePrice>11.90</UnitOfMeasurePrice>
      <AllowDiscount>1</AllowDiscount>
      <ItemStatus>1</ItemStatus>
    </Item>
    <Item>
      <PriceUpdateDate>2023-03-05 08:54</PriceUpdateDate>
      <ItemCode>7290112962003</ItemCode>
      <ItemType>1</ItemType>
      <ItemName>קראנץ וניל עוגיות 90 גרם</ItemName>
      <ManufacturerName>גלידות נסטלה )נגה גלידות</ManufacturerName>
      <ManufactureCountry>IL</ManufactureCountry>
      <ManufacturerItemDescription>קראנץ וניל עוגיו</ManufacturerItemDescription>
      <UnitQty>גרמים</UnitQty>
      <Quantity>90.00</Quantity>
      <bIsWeighted>0</bIsWeighted>
      <UnitOfMeasure>100 גרם</UnitOfMeasure>
      <QtyInPackage>1</QtyInPackage>
      <ItemPrice>12.00</ItemPrice>
      <UnitOfMeasurePrice>13.33</UnitOfMeasurePrice>
      <AllowDiscount>1</AllowDiscount>
      <ItemStatus>1</ItemStatus>
    </Item>
    <Item>
      <PriceUpdateDate>2022-04-05 09:54</PriceUpdateDate>
      <ItemCode>7290112962546</ItemCode>
      <ItemType>1</ItemType>
      <ItemName>לה פרוטה מלון תפוח 350 ג</ItemName>
      <ManufacturerName>נגה גלידות</ManufacturerName>
      <ManufactureCountry>IL</ManufactureCountry>
      <ManufacturerItemDescription>מאגדת לה פרוטה</ManufacturerItemDescription>
      <UnitQty>גרמים</UnitQty>
      <Quantity>350.00</Quantity>
      <bIsWeighted>0</bIsWeighted>
      <UnitOfMeasure>100 גרם</UnitOfMeasure>
      <QtyInPackage>1</QtyInPackage>
      <ItemPrice>29.90</ItemPrice>
      <UnitOfMeasurePrice>8.54</UnitOfMeasurePrice>
      <AllowDiscount>1</AllowDiscount>
      <ItemStatus>1</ItemStatus>
    </Item>
    <Item>
      <PriceUpdateDate>2023-03-05 09:04</PriceUpdateDate>
      <ItemCode>7290112965806</ItemCode>
      <ItemType>1</ItemType>
      <ItemName>ביסלי פריסטייל חמוץ חר60</ItemName>
      <ManufacturerName>---</ManufacturerName>
      <ManufactureCountry>IL</ManufactureCountry>
      <ManufacturerItemDescription>ביסלי פריסטייל</ManufacturerItemDescription>
      <UnitQty>גרמים</UnitQty>
      <Quantity>60.00</Quantity>
      <bIsWeighted>0</bIsWeighted>
      <UnitOfMeasure>100 גרם</UnitOfMeasure>
      <QtyInPackage>1</QtyInPackage>
      <ItemPrice>4.80</ItemPrice>
      <UnitOfMeasurePrice>8.00</UnitOfMeasurePrice>
      <AllowDiscount>1</AllowDiscount>
      <ItemStatus>1</ItemStatus>
    </Item>
    <Item>
      <PriceUpdateDate>2023-01-03 11:29</PriceUpdateDate>
      <ItemCode>7290112966803</ItemCode>
      <ItemType>1</ItemType>
      <ItemName>אינסטנט פודינג שוקולד88ג</ItemName>
      <ManufacturerName>אסם השקעות בע"\מ</ManufacturerName>
      <ManufactureCountry>IL</ManufactureCountry>
      <ManufacturerItemDescription>פודינג שוקולד</ManufacturerItemDescription>
      <UnitQty>גרמים</UnitQty>
      <Quantity>88.00</Quantity>
      <bIsWeighted>0</bIsWeighted>
      <UnitOfMeasure>100 גרם</UnitOfMeasure>
      <QtyInPackage>1</QtyInPackage>
      <ItemPrice>5.90</ItemPrice>
      <UnitOfMeasurePrice>6.70</UnitOfMeasurePrice>
      <AllowDiscount>1</AllowDiscount>
      <ItemStatus>1</ItemStatus>
    </Item>
    <Item>
      <PriceUpdateDate>2023-01-03 11:29</PriceUpdateDate>
      <ItemCode>7290112967138</ItemCode>
      <ItemType>1</ItemType>
      <ItemName>בייגלה שמיניות לל"ג 250ג</ItemName>
      <ManufacturerName>אסם השקעות בע"\מ</ManufacturerName>
      <ManufactureCountry>IL</ManufactureCountry>
      <ManufacturerItemDescription>בייגלה שמיניות</ManufacturerItemDescription>
      <UnitQty>גרמים</UnitQty>
      <Quantity>250.00</Quantity>
      <bIsWeighted>0</bIsWeighted>
      <UnitOfMeasure>100 גרם</UnitOfMeasure>
      <QtyInPackage>1</QtyInPackage>
      <ItemPrice>14.70</ItemPrice>
      <UnitOfMeasurePrice>5.88</UnitOfMeasurePrice>
      <AllowDiscount>1</AllowDiscount>
      <ItemStatus>1</ItemStatus>
    </Item>
    <Item>
      <PriceUpdateDate>2021-10-21 07:01</PriceUpdateDate>
      <ItemCode>7290113192546</ItemCode>
      <ItemType>1</ItemType>
      <ItemName>מלפפון בחומץ 7-9 560 גרם</ItemName>
      <ManufacturerName>בית-השיטה עסיס תעשיות מז</ManufacturerName>
      <ManufactureCountry>IL</ManufactureCountry>
      <ManufacturerItemDescription>מלפפון בחומץ</ManufacturerItemDescription>
      <UnitQty>גרמים</UnitQty>
      <Quantity>560.00</Quantity>
      <bIsWeighted>0</bIsWeighted>
      <UnitOfMeasure>100 גרם</UnitOfMeasure>
      <QtyInPackage>1</QtyInPackage>
      <ItemPrice>7.90</ItemPrice>
      <UnitOfMeasurePrice>1.41</UnitOfMeasurePrice>
      <AllowDiscount>1</AllowDiscount>
      <ItemStatus>1</ItemStatus>
    </Item>
    <Item>
      <PriceUpdateDate>2022-08-05 05:42</PriceUpdateDate>
      <ItemCode>7290113199910</ItemCode>
      <ItemType>1</ItemType>
      <ItemName>חמצוצים טעם קולה 180 גרם</ItemName>
      <ManufacturerName>דין שיווק וקלייה בעמ</ManufacturerName>
      <ManufactureCountry>IL</ManufactureCountry>
      <ManufacturerItemDescription>חמצוצים קולה</ManufacturerItemDescription>
      <UnitQty>גרמים</UnitQty>
      <Quantity>180.00</Quantity>
      <bIsWeighted>0</bIsWeighted>
      <UnitOfMeasure>100 גרם</UnitOfMeasure>
      <QtyInPackage>1</QtyInPackage>
      <ItemPrice>11.90</ItemPrice>
      <UnitOfMeasurePrice>6.61</UnitOfMeasurePrice>
      <AllowDiscount>1</AllowDiscount>
      <ItemStatus>1</ItemStatus>
    </Item>
    <Item>
      <PriceUpdateDate>2023-01-02 08:38</PriceUpdateDate>
      <ItemCode>7290114311021</ItemCode>
      <ItemType>1</ItemType>
      <ItemName>משקה וניל עוגיות 250 מ"ל</ItemName>
      <ManufacturerName>מילקו תעשיות בעמ</ManufacturerName>
      <ManufactureCountry>IL</ManufactureCountry>
      <ManufacturerItemDescription>משקה וניל עוגיות</ManufacturerItemDescription>
      <UnitQty>מיליליטרים</UnitQty>
      <Quantity>250.00</Quantity>
      <bIsWeighted>0</bIsWeighted>
      <UnitOfMeasure>100 מ"ל</UnitOfMeasure>
      <QtyInPackage>1</QtyInPackage>
      <ItemPrice>5.90</ItemPrice>
      <UnitOfMeasurePrice>2.36</UnitOfMeasurePrice>
      <AllowDiscount>1</AllowDiscount>
      <ItemStatus>1</ItemStatus>
    </Item>
    <Item>
      <PriceUpdateDate>2021-04-19 01:24</PriceUpdateDate>
      <ItemCode>7290114605571</ItemCode>
      <ItemType>1</ItemType>
      <ItemName>קוקי תבניות נייר מתקפלות</ItemName>
      <ManufacturerName>---</ManufacturerName>
      <ManufactureCountry>CN</ManufactureCountry>
      <ManufacturerItemDescription>תבניות נייר</ManufacturerItemDescription>
      <UnitQty>יחידה</UnitQty>
      <Quantity>1.00</Quantity>
      <bIsWeighted>0</bIsWeighted>
      <UnitOfMeasure>יחידה</UnitOfMeasure>
      <QtyInPackage>1</QtyInPackage>
      <ItemPrice>12.90</ItemPrice>
      <UnitOfMeasurePrice>12.90</UnitOfMeasurePrice>
      <AllowDiscount>1</AllowDiscount>
      <ItemStatus>1</ItemStatus>
    </Item>
    <Item>
      <PriceUpdateDate>2021-01-25 07:17</PriceUpdateDate>
      <ItemCode>7290115073676</ItemCode>
      <ItemType>1</ItemType>
      <ItemName>מארז מסכת פנים צבעוני50י</ItemName>
      <ManufacturerName>כללי</ManufacturerName>
      <ManufactureCountry>CN</ManufactureCountry>
      <ManufacturerItemDescription>מסכת פנים חד פעמ</ManufacturerItemDescription>
      <UnitQty>יחידה</UnitQty>
      <Quantity>1.00</Quantity>
      <bIsWeighted>0</bIsWeighted>
      <UnitOfMeasure>יחידה</UnitOfMeasure>
      <QtyInPackage>1</QtyInPackage>
      <ItemPrice>9.90</ItemPrice>
      <UnitOfMeasurePrice>9.90</UnitOfMeasurePrice>
      <AllowDiscount>1</AllowDiscount>
      <ItemStatus>1</ItemStatus>
    </Item>
    <Item>
      <PriceUpdateDate>2023-01-05 09:53</PriceUpdateDate>
      <ItemCode>7290115190014</ItemCode>
      <ItemType>1</ItemType>
      <ItemName>מרלבורו רד קצר חפיסה</ItemName>
      <ManufacturerName>פיליפ מוריס</ManufacturerName>
      <ManufactureCountry>IL</ManufactureCountry>
      <ManufacturerItemDescription>מרלבורו רד קצר</ManufacturerItemDescription>
      <UnitQty>יחידה</UnitQty>
      <Quantity>1.00</Quantity>
      <bIsWeighted>0</bIsWeighted>
      <UnitOfMeasure>יחידה</UnitOfMeasure>
      <QtyInPackage>1</QtyInPackage>
      <ItemPrice>36.30</ItemPrice>
      <UnitOfMeasurePrice>36.30</UnitOfMeasurePrice>
      <AllowDiscount>0</AllowDiscount>
      <ItemStatus>1</ItemStatus>
    </Item>
    <Item>
      <PriceUpdateDate>2023-01-05 09:53</PriceUpdateDate>
      <ItemCode>7290115190076</ItemCode>
      <ItemType>1</ItemType>
      <ItemName>מרלבורו גולד ארוך חפיסה</ItemName>
      <ManufacturerName>פיליפ מוריס</ManufacturerName>
      <ManufactureCountry>TR</ManufactureCountry>
      <ManufacturerItemDescription>מרלבורו גולד</ManufacturerItemDescription>
      <UnitQty>יחידה</UnitQty>
      <Quantity>1.00</Quantity>
      <bIsWeighted>0</bIsWeighted>
      <UnitOfMeasure>יחידה</UnitOfMeasure>
      <QtyInPackage>1</QtyInPackage>
      <ItemPrice>36.30</ItemPrice>
      <UnitOfMeasurePrice>36.30</UnitOfMeasurePrice>
      <AllowDiscount>0</AllowDiscount>
      <ItemStatus>1</ItemStatus>
    </Item>
    <Item>
      <PriceUpdateDate>2023-01-05 09:53</PriceUpdateDate>
      <ItemCode>7290115190090</ItemCode>
      <ItemType>1</ItemType>
      <ItemName>מרלבורו גולד קצר חפיסה</ItemName>
      <ManufacturerName>פיליפ מוריס</ManufacturerName>
      <ManufactureCountry>US</ManufactureCountry>
      <ManufacturerItemDescription>מרלבורו גולד קצר</ManufacturerItemDescription>
      <UnitQty>יחידה</UnitQty>
      <Quantity>1.00</Quantity>
      <bIsWeighted>0</bIsWeighted>
      <UnitOfMeasure>יחידה</UnitOfMeasure>
      <QtyInPackage>1</QtyInPackage>
      <ItemPrice>36.30</ItemPrice>
      <UnitOfMeasurePrice>36.30</UnitOfMeasurePrice>
      <AllowDiscount>0</AllowDiscount>
      <ItemStatus>1</ItemStatus>
    </Item>
    <Item>
      <PriceUpdateDate>2023-01-05 09:53</PriceUpdateDate>
      <ItemCode>7290115190199</ItemCode>
      <ItemType>1</ItemType>
      <ItemName>פרלמנט נייט ארוך חפיסה</ItemName>
      <ManufacturerName>פיליפ מוריס</ManufacturerName>
      <ManufactureCountry>TR</ManufactureCountry>
      <ManufacturerItemDescription>פרלמנט נייט ארוך</ManufacturerItemDescription>
      <UnitQty>יחידה</UnitQty>
      <Quantity>1.00</Quantity>
      <bIsWeighted>0</bIsWeighted>
      <UnitOfMeasure>יחידה</UnitOfMeasure>
      <QtyInPackage>1</QtyInPackage>
      <ItemPrice>41.80</ItemPrice>
      <UnitOfMeasurePrice>41.80</UnitOfMeasurePrice>
      <AllowDiscount>0</AllowDiscount>
      <ItemStatus>1</ItemStatus>
    </Item>
    <Item>
      <PriceUpdateDate>2023-01-05 09:53</PriceUpdateDate>
      <ItemCode>7290115190236</ItemCode>
      <ItemType>1</ItemType>
      <ItemName>פרלמנט בלו קצר חפיסה</ItemName>
      <ManufacturerName>פיליפ מוריס</ManufacturerName>
      <ManufactureCountry>IL</ManufactureCountry>
      <ManufacturerItemDescription>פרלמנט בלו קצר</ManufacturerItemDescription>
      <UnitQty>יחידה</UnitQty>
      <Quantity>1.00</Quantity>
      <bIsWeighted>0</bIsWeighted>
      <UnitOfMeasure>יחידה</UnitOfMeasure>
      <QtyInPackage>1</QtyInPackage>
      <ItemPrice>41.80</ItemPrice>
      <UnitOfMeasurePrice>41.80</UnitOfMeasurePrice>
      <AllowDiscount>0</AllowDiscount>
      <ItemStatus>1</ItemStatus>
    </Item>
    <Item>
      <PriceUpdateDate>2023-01-05 09:53</PriceUpdateDate>
      <ItemCode>7290115190250</ItemCode>
      <ItemType>1</ItemType>
      <ItemName>פרלמנט נייט קצר חפיסה</ItemName>
      <ManufacturerName>פיליפ מוריס</ManufacturerName>
      <ManufactureCountry>US</ManufactureCountry>
      <ManufacturerItemDescription>פרלמנט נייט קצר</ManufacturerItemDescription>
      <UnitQty>יחידה</UnitQty>
      <Quantity>1.00</Quantity>
      <bIsWeighted>0</bIsWeighted>
      <UnitOfMeasure>יחידה</UnitOfMeasure>
      <QtyInPackage>1</QtyInPackage>
      <ItemPrice>41.80</ItemPrice>
      <UnitOfMeasurePrice>41.80</UnitOfMeasurePrice>
      <AllowDiscount>0</AllowDiscount>
      <ItemStatus>1</ItemStatus>
    </Item>
    <Item>
      <PriceUpdateDate>2023-01-05 09:53</PriceUpdateDate>
      <ItemCode>7290115190335</ItemCode>
      <ItemType>1</ItemType>
      <ItemName>אל אם בלו ארוך חפיסה</ItemName>
      <ManufacturerName>פיליפ מוריס</ManufacturerName>
      <ManufactureCountry>TR</ManufactureCountry>
      <ManufacturerItemDescription>אל אם בלו ארוך</ManufacturerItemDescription>
      <UnitQty>יחידה</UnitQty>
      <Quantity>1.00</Quantity>
      <bIsWeighted>0</bIsWeighted>
      <UnitOfMeasure>יחידה</UnitOfMeasure>
      <QtyInPackage>1</QtyInPackage>
      <ItemPrice>33.30</ItemPrice>
      <UnitOfMeasurePrice>33.30</UnitOfMeasurePrice>
      <AllowDiscount>0</AllowDiscount>
      <ItemStatus>1</ItemStatus>
    </Item>
    <Item>
      <PriceUpdateDate>2023-01-05 09:53</PriceUpdateDate>
      <ItemCode>7290115190359</ItemCode>
      <ItemType>1</ItemType>
      <ItemName>אל אם בלו קצר חפיסה</ItemName>
      <ManufacturerName>פיליפ מוריס</ManufacturerName>
      <ManufactureCountry>US</ManufactureCountry>
      <ManufacturerItemDescription>אל אם בלו קצר</ManufacturerItemDescription>
      <UnitQty>יחידה</UnitQty>
      <Quantity>1.00</Quantity>
      <bIsWeighted>0</bIsWeighted>
      <UnitOfMeasure>יחידה</UnitOfMeasure>
      <QtyInPackage>1</QtyInPackage>
      <ItemPrice>33.30</ItemPrice>
      <UnitOfMeasurePrice>33.30</UnitOfMeasurePrice>
      <AllowDiscount>0</AllowDiscount>
      <ItemStatus>1</ItemStatus>
    </Item>
    <Item>
      <PriceUpdateDate>2023-01-05 09:53</PriceUpdateDate>
      <ItemCode>7290115190373</ItemCode>
      <ItemType>1</ItemType>
      <ItemName>אל אמ פורוורד חפיסה</ItemName>
      <ManufacturerName>פיליפ מוריס</ManufacturerName>
      <ManufactureCountry>TR</ManufactureCountry>
      <ManufacturerItemDescription>אל אמ פורוורד חפ</ManufacturerItemDescription>
      <UnitQty>יחידה</UnitQty>
      <Quantity>1.00</Quantity>
      <bIsWeighted>0</bIsWeighted>
      <UnitOfMeasure>יחידה</UnitOfMeasure>
      <QtyInPackage>1</QtyInPackage>
      <ItemPrice>33.30</ItemPrice>
      <UnitOfMeasurePrice>33.30</UnitOfMeasurePrice>
      <AllowDiscount>0</AllowDiscount>
      <ItemStatus>1</ItemStatus>
    </Item>
    <Item>
      <PriceUpdateDate>2023-04-05 09:19</PriceUpdateDate>
      <ItemCode>7290115190458</ItemCode>
      <ItemType>1</ItemType>
      <ItemName>נקסט אדג' חפיסה</ItemName>
      <ManufacturerName>פיליפ מוריס</ManufacturerName>
      <ManufactureCountry>TR</ManufactureCountry>
      <ManufacturerItemDescription>נקסט אדג'</ManufacturerItemDescription>
      <UnitQty>יחידה</UnitQty>
      <Quantity>1.00</Quantity>
      <bIsWeighted>0</bIsWeighted>
      <UnitOfMeasure>יחידה</UnitOfMeasure>
      <QtyInPackage>1</QtyInPackage>
      <ItemPrice>26.90</ItemPrice>
      <UnitOfMeasurePrice>26.90</UnitOfMeasurePrice>
      <AllowDiscount>0</AllowDiscount>
      <ItemStatus>1</ItemStatus>
    </Item>
    <Item>
      <PriceUpdateDate>2023-04-05 09:19</PriceUpdateDate>
      <ItemCode>7290115190472</ItemCode>
      <ItemType>1</ItemType>
      <ItemName>נקסט פיין אדג' חפיסה</ItemName>
      <ManufacturerName />
      <ManufactureCountry />
      <ManufacturerItemDescription>נקסט פיין אדג'</ManufacturerItemDescription>
      <UnitQty>יחידה</UnitQty>
      <Quantity>1.00</Quantity>
      <bIsWeighted>0</bIsWeighted>
      <UnitOfMeasure>יחידה</UnitOfMeasure>
      <QtyInPackage>0</QtyInPackage>
      <ItemPrice>26.90</ItemPrice>
      <UnitOfMeasurePrice>26.90</UnitOfMeasurePrice>
      <AllowDiscount>1</AllowDiscount>
      <ItemStatus>1</ItemStatus>
    </Item>
    <Item>
      <PriceUpdateDate>2023-01-05 09:53</PriceUpdateDate>
      <ItemCode>7290115190519</ItemCode>
      <ItemType>1</ItemType>
      <ItemName>נקסט פיין חפיסה</ItemName>
      <ManufacturerName>פיליפ מוריס</ManufacturerName>
      <ManufactureCountry>PL</ManufactureCountry>
      <ManufacturerItemDescription>נקסט פיין חפ</ManufacturerItemDescription>
      <UnitQty>יחידה</UnitQty>
      <Quantity>1.00</Quantity>
      <bIsWeighted>0</bIsWeighted>
      <UnitOfMeasure>יחידה</UnitOfMeasure>
      <QtyInPackage>1</QtyInPackage>
      <ItemPrice>31.80</ItemPrice>
      <UnitOfMeasurePrice>31.80</UnitOfMeasurePrice>
      <AllowDiscount>0</AllowDiscount>
      <ItemStatus>1</ItemStatus>
    </Item>
    <Item>
      <PriceUpdateDate>2023-04-05 09:19</PriceUpdateDate>
      <ItemCode>7290115190533</ItemCode>
      <ItemType>1</ItemType>
      <ItemName>נקסט ריסס ארוך חפיסה</ItemName>
      <ManufacturerName>פיליפ מוריס</ManufacturerName>
      <ManufactureCountry>TR</ManufactureCountry>
      <ManufacturerItemDescription>נקסט ריסס ארוך</ManufacturerItemDescription>
      <UnitQty>יחידה</UnitQty>
      <Quantity>1.00</Quantity>
      <bIsWeighted>0</bIsWeighted>
      <UnitOfMeasure>יחידה</UnitOfMeasure>
      <QtyInPackage>1</QtyInPackage>
      <ItemPrice>26.50</ItemPrice>
      <UnitOfMeasurePrice>26.50</UnitOfMeasurePrice>
      <AllowDiscount>0</AllowDiscount>
      <ItemStatus>1</ItemStatus>
    </Item>
    <Item>
      <PriceUpdateDate>2023-01-05 09:53</PriceUpdateDate>
      <ItemCode>7290115190571</ItemCode>
      <ItemType>1</ItemType>
      <ItemName>נקסט לילך חפיסה</ItemName>
      <ManufacturerName>פיליפ מוריס</ManufacturerName>
      <ManufactureCountry>US</ManufactureCountry>
      <ManufacturerItemDescription>נקסט לילך</ManufacturerItemDescription>
      <UnitQty>יחידה</UnitQty>
      <Quantity>1.00</Quantity>
      <bIsWeighted>0</bIsWeighted>
      <UnitOfMeasure>יחידה</UnitOfMeasure>
      <QtyInPackage>1</QtyInPackage>
      <ItemPrice>31.80</ItemPrice>
      <UnitOfMeasurePrice>31.80</UnitOfMeasurePrice>
      <AllowDiscount>0</AllowDiscount>
      <ItemStatus>1</ItemStatus>
    </Item>
    <Item>
      <PriceUpdateDate>2023-01-03 11:29</PriceUpdateDate>
      <ItemCode>7290115201031</ItemCode>
      <ItemType>1</ItemType>
      <ItemName>אסם פתיבר דובי שוקולד175</ItemName>
      <ManufacturerName>ד"\ר ג'\ררד</ManufacturerName>
      <ManufactureCountry>PL</ManufactureCountry>
      <ManufacturerItemDescription>פתיבר דובי שוקול</ManufacturerItemDescription>
      <UnitQty>גרמים</UnitQty>
      <Quantity>175.00</Quantity>
      <bIsWeighted>0</bIsWeighted>
      <UnitOfMeasure>100 גרם</UnitOfMeasure>
      <QtyInPackage>1</QtyInPackage>
      <ItemPrice>12.50</ItemPrice>
      <UnitOfMeasurePrice>7.14</UnitOfMeasurePrice>
      <AllowDiscount>1</AllowDiscount>
      <ItemStatus>1</ItemStatus>
    </Item>
    <Item>
      <PriceUpdateDate>2023-03-05 09:04</PriceUpdateDate>
      <ItemCode>7290115201703</ItemCode>
      <ItemType>1</ItemType>
      <ItemName>ביסלי ברביקיו 200 גרם</ItemName>
      <ManufacturerName>אסם</ManufacturerName>
      <ManufactureCountry>IL</ManufactureCountry>
      <ManufacturerItemDescription>ביסלי ברביקיו</ManufacturerItemDescription>
      <UnitQty>גרמים</UnitQty>
      <Quantity>200.00</Quantity>
      <bIsWeighted>0</bIsWeighted>
      <UnitOfMeasure>100 גרם</UnitOfMeasure>
      <QtyInPackage>1</QtyInPackage>
      <ItemPrice>8.30</ItemPrice>
      <UnitOfMeasurePrice>4.15</UnitOfMeasurePrice>
      <AllowDiscount>1</AllowDiscount>
      <ItemStatus>1</ItemStatus>
    </Item>
    <Item>
      <PriceUpdateDate>2023-03-05 09:04</PriceUpdateDate>
      <ItemCode>7290115201727</ItemCode>
      <ItemType>1</ItemType>
      <ItemName>ביסלי בצל 200 גרם</ItemName>
      <ManufacturerName>אסם</ManufacturerName>
      <ManufactureCountry>IL</ManufactureCountry>
      <ManufacturerItemDescription>ביסלי בצל</ManufacturerItemDescription>
      <UnitQty>גרמים</UnitQty>
      <Quantity>200.00</Quantity>
      <bIsWeighted>0</bIsWeighted>
      <UnitOfMeasure>100 גרם</UnitOfMeasure>
      <QtyInPackage>1</QtyInPackage>
      <ItemPrice>8.30</ItemPrice>
      <UnitOfMeasurePrice>4.15</UnitOfMeasurePrice>
      <AllowDiscount>1</AllowDiscount>
      <ItemStatus>1</ItemStatus>
    </Item>
    <Item>
      <PriceUpdateDate>2023-01-03 11:29</PriceUpdateDate>
      <ItemCode>7290115202847</ItemCode>
      <ItemType>1</ItemType>
      <ItemName>מ.חמה פאוצ נודלס ספייס70</ItemName>
      <ManufacturerName>תאי פרזידנט</ManufacturerName>
      <ManufactureCountry>TH</ManufactureCountry>
      <ManufacturerItemDescription>מנה חמה פאוצ'</ManufacturerItemDescription>
      <UnitQty>גרמים</UnitQty>
      <Quantity>70.00</Quantity>
      <bIsWeighted>0</bIsWeighted>
      <UnitOfMeasure>100 גרם</UnitOfMeasure>
      <QtyInPackage>1</QtyInPackage>
      <ItemPrice>6.30</ItemPrice>
      <UnitOfMeasurePrice>9.00</UnitOfMeasurePrice>
      <AllowDiscount>1</AllowDiscount>
      <ItemStatus>1</ItemStatus>
    </Item>
    <Item>
      <PriceUpdateDate>2022-07-01 05:46</PriceUpdateDate>
      <ItemCode>7290115203172</ItemCode>
      <ItemType>1</ItemType>
      <ItemName>חטיף במבה פרו 80 גרם</ItemName>
      <ManufacturerName>אסם השקעות בע"\מ</ManufacturerName>
      <ManufactureCountry>IL</ManufactureCountry>
      <ManufacturerItemDescription>חטיף במבה פרו</ManufacturerItemDescription>
      <UnitQty>גרמים</UnitQty>
      <Quantity>80.00</Quantity>
      <bIsWeighted>0</bIsWeighted>
      <UnitOfMeasure>100 גרם</UnitOfMeasure>
      <QtyInPackage>1</QtyInPackage>
      <ItemPrice>4.90</ItemPrice>
      <UnitOfMeasurePrice>6.13</UnitOfMeasurePrice>
      <AllowDiscount>1</AllowDiscount>
      <ItemStatus>1</ItemStatus>
    </Item>
    <Item>
      <PriceUpdateDate>2021-02-26 05:42</PriceUpdateDate>
      <ItemCode>7290115203936</ItemCode>
      <ItemType>1</ItemType>
      <ItemName>קטשופ מופחת סוכר כשלפ690</ItemName>
      <ManufacturerName>אסם</ManufacturerName>
      <ManufactureCountry>IL</ManufactureCountry>
      <ManufacturerItemDescription>קטשופ מופחת סוכר</ManufacturerItemDescription>
      <UnitQty>גרמים</UnitQty>
      <Quantity>690.00</Quantity>
      <bIsWeighted>0</bIsWeighted>
      <UnitOfMeasure>100 גרם</UnitOfMeasure>
      <QtyInPackage>1</QtyInPackage>
      <ItemPrice>12.50</ItemPrice>
      <UnitOfMeasurePrice>1.81</UnitOfMeasurePrice>
      <AllowDiscount>1</AllowDiscount>
      <ItemStatus>1</ItemStatus>
    </Item>
    <Item>
      <PriceUpdateDate>2023-03-31 07:49</PriceUpdateDate>
      <ItemCode>7290115207989</ItemCode>
      <ItemType>1</ItemType>
      <ItemName>ויטמינצ'יק לימון 1 ליטר</ItemName>
      <ManufacturerName>בית-השיטה עסיס תעשיות מז</ManufacturerName>
      <ManufactureCountry>IL</ManufactureCountry>
      <ManufacturerItemDescription>ויטמינצ'יק לימון</ManufacturerItemDescription>
      <UnitQty>ליטרים</UnitQty>
      <Quantity>1.00</Quantity>
      <bIsWeighted>0</bIsWeighted>
      <UnitOfMeasure>ליטר</UnitOfMeasure>
      <QtyInPackage>1</QtyInPackage>
      <ItemPrice>16.30</ItemPrice>
      <UnitOfMeasurePrice>16.30</UnitOfMeasurePrice>
      <AllowDiscount>1</AllowDiscount>
      <ItemStatus>1</ItemStatus>
    </Item>
    <Item>
      <PriceUpdateDate>2023-03-31 07:49</PriceUpdateDate>
      <ItemCode>7290115208009</ItemCode>
      <ItemType>1</ItemType>
      <ItemName>ויטמינצ'יק ענבים 1 ליטר</ItemName>
      <ManufacturerName>בית-השיטה עסיס תעשיות מז</ManufacturerName>
      <ManufactureCountry>IL</ManufactureCountry>
      <ManufacturerItemDescription>ויטמינצ'יק ענבים</ManufacturerItemDescription>
      <UnitQty>ליטרים</UnitQty>
      <Quantity>1.00</Quantity>
      <bIsWeighted>0</bIsWeighted>
      <UnitOfMeasure>ליטר</UnitOfMeasure>
      <QtyInPackage>1</QtyInPackage>
      <ItemPrice>16.30</ItemPrice>
      <UnitOfMeasurePrice>16.30</UnitOfMeasurePrice>
      <AllowDiscount>1</AllowDiscount>
      <ItemStatus>1</ItemStatus>
    </Item>
    <Item>
      <PriceUpdateDate>2023-04-14 09:13</PriceUpdateDate>
      <ItemCode>7290116531540</ItemCode>
      <ItemType>1</ItemType>
      <ItemName>קורנפלקס טעם דבש כשלפ375</ItemName>
      <ManufacturerName>מולינו ניקולי ,S.p.A ויה</ManufacturerName>
      <ManufactureCountry>IT</ManufactureCountry>
      <ManufacturerItemDescription>קורנפלקס כשל"פ</ManufacturerItemDescription>
      <UnitQty>גרמים</UnitQty>
      <Quantity>375.00</Quantity>
      <bIsWeighted>0</bIsWeighted>
      <UnitOfMeasure>100 גרם</UnitOfMeasure>
      <QtyInPackage>1</QtyInPackage>
      <ItemPrice>18.30</ItemPrice>
      <UnitOfMeasurePrice>4.88</UnitOfMeasurePrice>
      <AllowDiscount>1</AllowDiscount>
      <ItemStatus>1</ItemStatus>
    </Item>
    <Item>
      <PriceUpdateDate>2023-04-14 09:13</PriceUpdateDate>
      <ItemCode>7290116532028</ItemCode>
      <ItemType>1</ItemType>
      <ItemName>קליק נוגט שוק.חלב כשלפ35</ItemName>
      <ManufacturerName>דרך השוקולד ,1 צפת 13404</ManufacturerName>
      <ManufactureCountry>IL</ManufactureCountry>
      <ManufacturerItemDescription>חטיף קליק</ManufacturerItemDescription>
      <UnitQty>גרמים</UnitQty>
      <Quantity>35.00</Quantity>
      <bIsWeighted>0</bIsWeighted>
      <UnitOfMeasure>100 גרם</UnitOfMeasure>
      <QtyInPackage>1</QtyInPackage>
      <ItemPrice>5.70</ItemPrice>
      <UnitOfMeasurePrice>16.29</UnitOfMeasurePrice>
      <AllowDiscount>1</AllowDiscount>
      <ItemStatus>1</ItemStatus>
    </Item>
    <Item>
      <PriceUpdateDate>2023-02-21 09:33</PriceUpdateDate>
      <ItemCode>7290116532264</ItemCode>
      <ItemType>1</ItemType>
      <ItemName>מאגדת גודיז לייט אפרסק</ItemName>
      <ManufacturerName>גלידת שטראוס בע"\מ, רחוב</ManufacturerName>
      <ManufactureCountry>IL</ManufactureCountry>
      <ManufacturerItemDescription>מאגדת גודיז לייט</ManufacturerItemDescription>
      <UnitQty>גרמים</UnitQty>
      <Quantity>270.00</Quantity>
      <bIsWeighted>0</bIsWeighted>
      <UnitOfMeasure>100 גרם</UnitOfMeasure>
      <QtyInPackage>1</QtyInPackage>
      <ItemPrice>31.90</ItemPrice>
      <UnitOfMeasurePrice>11.81</UnitOfMeasurePrice>
      <AllowDiscount>1</AllowDiscount>
      <ItemStatus>1</ItemStatus>
    </Item>
    <Item>
      <PriceUpdateDate>2023-01-11 08:35</PriceUpdateDate>
      <ItemCode>7290116930497</ItemCode>
      <ItemType>1</ItemType>
      <ItemName>פלח גבינה כחולה 100 גרם</ItemName>
      <ManufacturerName>פיקוס דה אירופה ס.ל. , פ</ManufacturerName>
      <ManufactureCountry>ES</ManufactureCountry>
      <ManufacturerItemDescription>פלח גבינה כחולה</ManufacturerItemDescription>
      <UnitQty>גרמים</UnitQty>
      <Quantity>100.00</Quantity>
      <bIsWeighted>0</bIsWeighted>
      <UnitOfMeasure>100 גרם</UnitOfMeasure>
      <QtyInPackage>1</QtyInPackage>
      <ItemPrice>17.80</ItemPrice>
      <UnitOfMeasurePrice>17.80</UnitOfMeasurePrice>
      <AllowDiscount>1</AllowDiscount>
      <ItemStatus>1</ItemStatus>
    </Item>
    <Item>
      <PriceUpdateDate>2023-01-11 08:35</PriceUpdateDate>
      <ItemCode>7290116930701</ItemCode>
      <ItemType>1</ItemType>
      <ItemName>מעדן חלב גו בטעם קרמל120</ItemName>
      <ManufacturerName>תנובה בעמ</ManufacturerName>
      <ManufactureCountry>IL</ManufactureCountry>
      <ManufacturerItemDescription>מעדן חלב גו</ManufacturerItemDescription>
      <UnitQty>גרמים</UnitQty>
      <Quantity>120.00</Quantity>
      <bIsWeighted>0</bIsWeighted>
      <UnitOfMeasure>100 גרם</UnitOfMeasure>
      <QtyInPackage>1</QtyInPackage>
      <ItemPrice>5.60</ItemPrice>
      <UnitOfMeasurePrice>4.67</UnitOfMeasurePrice>
      <AllowDiscount>1</AllowDiscount>
      <ItemStatus>1</ItemStatus>
    </Item>
    <Item>
      <PriceUpdateDate>2023-01-15 10:24</PriceUpdateDate>
      <ItemCode>7290116931296</ItemCode>
      <ItemType>1</ItemType>
      <ItemName>יופלה קוקוס 0% חלבון150ג</ItemName>
      <ManufacturerName>תנובה בע"\מ</ManufacturerName>
      <ManufactureCountry>IL</ManufactureCountry>
      <ManufacturerItemDescription>יופלה קוקוס</ManufacturerItemDescription>
      <UnitQty>גרמים</UnitQty>
      <Quantity>150.00</Quantity>
      <bIsWeighted>0</bIsWeighted>
      <UnitOfMeasure>100 גרם</UnitOfMeasure>
      <QtyInPackage>1</QtyInPackage>
      <ItemPrice>5.20</ItemPrice>
      <UnitOfMeasurePrice>3.47</UnitOfMeasurePrice>
      <AllowDiscount>1</AllowDiscount>
      <ItemStatus>1</ItemStatus>
    </Item>
    <Item>
      <PriceUpdateDate>2023-02-06 12:26</PriceUpdateDate>
      <ItemCode>7290116931357</ItemCode>
      <ItemType>1</ItemType>
      <ItemName>יופלהבננה וקרמל3% 150גרם</ItemName>
      <ManufacturerName>תנובה בע"\מ</ManufacturerName>
      <ManufactureCountry>IL</ManufactureCountry>
      <ManufacturerItemDescription>יופלהבננה קרמל</ManufacturerItemDescription>
      <UnitQty>גרמים</UnitQty>
      <Quantity>150.00</Quantity>
      <bIsWeighted>0</bIsWeighted>
      <UnitOfMeasure>100 גרם</UnitOfMeasure>
      <QtyInPackage>1</QtyInPackage>
      <ItemPrice>5.50</ItemPrice>
      <UnitOfMeasurePrice>3.67</UnitOfMeasurePrice>
      <AllowDiscount>1</AllowDiscount>
      <ItemStatus>1</ItemStatus>
    </Item>
    <Item>
      <PriceUpdateDate>2023-02-06 12:26</PriceUpdateDate>
      <ItemCode>7290116931364</ItemCode>
      <ItemType>1</ItemType>
      <ItemName>יופלה בטעם מלבי 3.4% 150</ItemName>
      <ManufacturerName>תנובה בע"\מ</ManufacturerName>
      <ManufactureCountry>IL</ManufactureCountry>
      <ManufacturerItemDescription>יופלה בטעם מלבי</ManufacturerItemDescription>
      <UnitQty>גרמים</UnitQty>
      <Quantity>150.00</Quantity>
      <bIsWeighted>0</bIsWeighted>
      <UnitOfMeasure>100 גרם</UnitOfMeasure>
      <QtyInPackage>1</QtyInPackage>
      <ItemPrice>5.50</ItemPrice>
      <UnitOfMeasurePrice>3.67</UnitOfMeasurePrice>
      <AllowDiscount>1</AllowDiscount>
      <ItemStatus>1</ItemStatus>
    </Item>
    <Item>
      <PriceUpdateDate>2023-01-13 05:35</PriceUpdateDate>
      <ItemCode>7290117260081</ItemCode>
      <ItemType>1</ItemType>
      <ItemName>אורז יסמין דוואט 1 ק"ג</ItemName>
      <ManufacturerName>אל.טי.פודס בעמ</ManufacturerName>
      <ManufactureCountry>TH</ManufactureCountry>
      <ManufacturerItemDescription>אורז יסמין דוואט</ManufacturerItemDescription>
      <UnitQty>קילוגרמים</UnitQty>
      <Quantity>1.00</Quantity>
      <bIsWeighted>0</bIsWeighted>
      <UnitOfMeasure>ק"ג</UnitOfMeasure>
      <QtyInPackage>1</QtyInPackage>
      <ItemPrice>13.90</ItemPrice>
      <UnitOfMeasurePrice>13.90</UnitOfMeasurePrice>
      <AllowDiscount>1</AllowDiscount>
      <ItemStatus>1</ItemStatus>
    </Item>
    <Item>
      <PriceUpdateDate>2022-11-04 05:36</PriceUpdateDate>
      <ItemCode>7290117860441</ItemCode>
      <ItemType>1</ItemType>
      <ItemName>מרכך פריחת הדובדבן700מל</ItemName>
      <ManufacturerName>טרופיקל דגיל בע"\מ</ManufacturerName>
      <ManufactureCountry>IL</ManufactureCountry>
      <ManufacturerItemDescription>מרכך פריחת הדובד</ManufacturerItemDescription>
      <UnitQty>מיליליטרים</UnitQty>
      <Quantity>700.00</Quantity>
      <bIsWeighted>0</bIsWeighted>
      <UnitOfMeasure>100 מ"ל</UnitOfMeasure>
      <QtyInPackage>1</QtyInPackage>
      <ItemPrice>15.90</ItemPrice>
      <UnitOfMeasurePrice>2.27</UnitOfMeasurePrice>
      <AllowDiscount>1</AllowDiscount>
      <ItemStatus>1</ItemStatus>
    </Item>
    <Item>
      <PriceUpdateDate>2022-08-02 01:00</PriceUpdateDate>
      <ItemCode>7290117900994</ItemCode>
      <ItemType>1</ItemType>
      <ItemName>פקאן סיני מסוכר 140 גרם</ItemName>
      <ManufacturerName>שקדיה גבע בעמ</ManufacturerName>
      <ManufactureCountry>IL</ManufactureCountry>
      <ManufacturerItemDescription>פקאן סיני מסוכר</ManufacturerItemDescription>
      <UnitQty>גרמים</UnitQty>
      <Quantity>140.00</Quantity>
      <bIsWeighted>0</bIsWeighted>
      <UnitOfMeasure>100 גרם</UnitOfMeasure>
      <QtyInPackage>1</QtyInPackage>
      <ItemPrice>17.90</ItemPrice>
      <UnitOfMeasurePrice>12.79</UnitOfMeasurePrice>
      <AllowDiscount>1</AllowDiscount>
      <ItemStatus>1</ItemStatus>
    </Item>
    <Item>
      <PriceUpdateDate>2022-08-02 01:00</PriceUpdateDate>
      <ItemCode>7290117901052</ItemCode>
      <ItemType>1</ItemType>
      <ItemName>שקד קלוף טבעי</ItemName>
      <ManufacturerName>---</ManufacturerName>
      <ManufactureCountry>IL</ManufactureCountry>
      <ManufacturerItemDescription>שקד קלוף טבעי</ManufacturerItemDescription>
      <UnitQty>גרמים</UnitQty>
      <Quantity>180.00</Quantity>
      <bIsWeighted>0</bIsWeighted>
      <UnitOfMeasure>100 גרם</UnitOfMeasure>
      <QtyInPackage>1</QtyInPackage>
      <ItemPrice>17.90</ItemPrice>
      <UnitOfMeasurePrice>9.94</UnitOfMeasurePrice>
      <AllowDiscount>1</AllowDiscount>
      <ItemStatus>1</ItemStatus>
    </Item>
    <Item>
      <PriceUpdateDate>2023-04-11 04:40</PriceUpdateDate>
      <ItemCode>7290118421276</ItemCode>
      <ItemType>1</ItemType>
      <ItemName>תע.להכנת לביבות תפו"א135</ItemName>
      <ManufacturerName>אסם השקעות בע"\מ</ManufacturerName>
      <ManufactureCountry>IL</ManufactureCountry>
      <ManufacturerItemDescription>לביבות תפו"א</ManufacturerItemDescription>
      <UnitQty>גרמים</UnitQty>
      <Quantity>135.00</Quantity>
      <bIsWeighted>0</bIsWeighted>
      <UnitOfMeasure>100 גרם</UnitOfMeasure>
      <QtyInPackage>1</QtyInPackage>
      <ItemPrice>12.90</ItemPrice>
      <UnitOfMeasurePrice>9.56</UnitOfMeasurePrice>
      <AllowDiscount>1</AllowDiscount>
      <ItemStatus>1</ItemStatus>
    </Item>
    <Item>
      <PriceUpdateDate>2018-11-19 07:51</PriceUpdateDate>
      <ItemCode>72917329</ItemCode>
      <ItemType>1</ItemType>
      <ItemName>חטיף שוקולד אגוזי 45 גרם</ItemName>
      <ManufacturerName>עלית</ManufacturerName>
      <ManufactureCountry>IL</ManufactureCountry>
      <ManufacturerItemDescription>חטיף אגוזי</ManufacturerItemDescription>
      <UnitQty>גרמים</UnitQty>
      <Quantity>45.00</Quantity>
      <bIsWeighted>0</bIsWeighted>
      <UnitOfMeasure>100 גרם</UnitOfMeasure>
      <QtyInPackage>0</QtyInPackage>
      <ItemPrice>4.50</ItemPrice>
      <UnitOfMeasurePrice>10.00</UnitOfMeasurePrice>
      <AllowDiscount>1</AllowDiscount>
      <ItemStatus>1</ItemStatus>
    </Item>
    <Item>
      <PriceUpdateDate>2018-11-19 07:51</PriceUpdateDate>
      <ItemCode>72917589</ItemCode>
      <ItemType>1</ItemType>
      <ItemName>מקופלת חלב 25 גרם</ItemName>
      <ManufacturerName>עלית</ManufacturerName>
      <ManufactureCountry>IL</ManufactureCountry>
      <ManufacturerItemDescription>מקופלת חלב</ManufacturerItemDescription>
      <UnitQty>גרמים</UnitQty>
      <Quantity>25.00</Quantity>
      <bIsWeighted>0</bIsWeighted>
      <UnitOfMeasure>100 גרם</UnitOfMeasure>
      <QtyInPackage>0</QtyInPackage>
      <ItemPrice>4.50</ItemPrice>
      <UnitOfMeasurePrice>18.00</UnitOfMeasurePrice>
      <AllowDiscount>1</AllowDiscount>
      <ItemStatus>1</ItemStatus>
    </Item>
    <Item>
      <PriceUpdateDate>2023-01-02 08:18</PriceUpdateDate>
      <ItemCode>72940761</ItemCode>
      <ItemType>1</ItemType>
      <ItemName>מילקי בטעם שוקולד 170מ"ל</ItemName>
      <ManufacturerName>שטראוס גרופ בע"\מ</ManufacturerName>
      <ManufactureCountry>IL</ManufactureCountry>
      <ManufacturerItemDescription>מילקי טעם שוקולד</ManufacturerItemDescription>
      <UnitQty>מיליליטרים</UnitQty>
      <Quantity>170.00</Quantity>
      <bIsWeighted>0</bIsWeighted>
      <UnitOfMeasure>100 מ"ל</UnitOfMeasure>
      <QtyInPackage>0</QtyInPackage>
      <ItemPrice>3.10</ItemPrice>
      <UnitOfMeasurePrice>1.82</UnitOfMeasurePrice>
      <AllowDiscount>1</AllowDiscount>
      <ItemStatus>1</ItemStatus>
    </Item>
    <Item>
      <PriceUpdateDate>2018-11-19 07:49</PriceUpdateDate>
      <ItemCode>72940952</ItemCode>
      <ItemType>1</ItemType>
      <ItemName>מילקי אקסטרה קצפת 170מ"ל</ItemName>
      <ManufacturerName>שטראוס גרופ בע"\מ</ManufacturerName>
      <ManufactureCountry>IL</ManufactureCountry>
      <ManufacturerItemDescription>מילקי אקסטרה</ManufacturerItemDescription>
      <UnitQty>מיליליטרים</UnitQty>
      <Quantity>170.00</Quantity>
      <bIsWeighted>0</bIsWeighted>
      <UnitOfMeasure>100 מ"ל</UnitOfMeasure>
      <QtyInPackage>0</QtyInPackage>
      <ItemPrice>4.10</ItemPrice>
      <UnitOfMeasurePrice>2.41</UnitOfMeasurePrice>
      <AllowDiscount>1</AllowDiscount>
      <ItemStatus>1</ItemStatus>
    </Item>
    <Item>
      <PriceUpdateDate>2018-12-11 10:50</PriceUpdateDate>
      <ItemCode>7296073005957</ItemCode>
      <ItemType>1</ItemType>
      <ItemName>שעועית לבנה שופרסל500גרם</ItemName>
      <ManufacturerName>מיה</ManufacturerName>
      <ManufactureCountry>IL</ManufactureCountry>
      <ManufacturerItemDescription>שעועית לבנה</ManufacturerItemDescription>
      <UnitQty>גרמים</UnitQty>
      <Quantity>500.00</Quantity>
      <bIsWeighted>0</bIsWeighted>
      <UnitOfMeasure>100 גרם</UnitOfMeasure>
      <QtyInPackage>0</QtyInPackage>
      <ItemPrice>10.80</ItemPrice>
      <UnitOfMeasurePrice>2.16</UnitOfMeasurePrice>
      <AllowDiscount>1</AllowDiscount>
      <ItemStatus>1</ItemStatus>
    </Item>
    <Item>
      <PriceUpdateDate>2023-03-05 08:56</PriceUpdateDate>
      <ItemCode>7296073006176</ItemCode>
      <ItemType>1</ItemType>
      <ItemName>סוכר שופרסל 1 ק"ג</ItemName>
      <ManufacturerName>סוגת תעשיות בע"\מ</ManufacturerName>
      <ManufactureCountry>IL</ManufactureCountry>
      <ManufacturerItemDescription>סוכר לבן</ManufacturerItemDescription>
      <UnitQty>קילוגרמים</UnitQty>
      <Quantity>1.00</Quantity>
      <bIsWeighted>0</bIsWeighted>
      <UnitOfMeasure>ק"ג</UnitOfMeasure>
      <QtyInPackage>0</QtyInPackage>
      <ItemPrice>5.00</ItemPrice>
      <UnitOfMeasurePrice>5.00</UnitOfMeasurePrice>
      <AllowDiscount>1</AllowDiscount>
      <ItemStatus>1</ItemStatus>
    </Item>
    <Item>
      <PriceUpdateDate>2018-11-19 07:51</PriceUpdateDate>
      <ItemCode>7296073006435</ItemCode>
      <ItemType>1</ItemType>
      <ItemName>מלפפונים במלח קטנים מאוד</ItemName>
      <ManufacturerName>שופרסל</ManufacturerName>
      <ManufactureCountry>IL</ManufactureCountry>
      <ManufacturerItemDescription>מלפפון במלח</ManufacturerItemDescription>
      <UnitQty>גרמים</UnitQty>
      <Quantity>560.00</Quantity>
      <bIsWeighted>0</bIsWeighted>
      <UnitOfMeasure>100 גרם</UnitOfMeasure>
      <QtyInPackage>0</QtyInPackage>
      <ItemPrice>12.30</ItemPrice>
      <UnitOfMeasurePrice>2.20</UnitOfMeasurePrice>
      <AllowDiscount>1</AllowDiscount>
      <ItemStatus>1</ItemStatus>
    </Item>
    <Item>
      <PriceUpdateDate>2023-03-05 09:03</PriceUpdateDate>
      <ItemCode>7296073020356</ItemCode>
      <ItemType>1</ItemType>
      <ItemName>150כוס שתייה קרה בייסיק</ItemName>
      <ManufacturerName>שופרסל</ManufacturerName>
      <ManufactureCountry>IL</ManufactureCountry>
      <ManufacturerItemDescription>כוסות שתייה חד"פ</ManufacturerItemDescription>
      <UnitQty>יחידה</UnitQty>
      <Quantity>1.00</Quantity>
      <bIsWeighted>0</bIsWeighted>
      <UnitOfMeasure>יחידה</UnitOfMeasure>
      <QtyInPackage>0</QtyInPackage>
      <ItemPrice>8.90</ItemPrice>
      <UnitOfMeasurePrice>8.90</UnitOfMeasurePrice>
      <AllowDiscount>1</AllowDiscount>
      <ItemStatus>1</ItemStatus>
    </Item>
    <Item>
      <PriceUpdateDate>2023-02-07 10:16</PriceUpdateDate>
      <ItemCode>7296073020936</ItemCode>
      <ItemType>1</ItemType>
      <ItemName>פטריות שמפיניון חתוכ400ג</ItemName>
      <ManufacturerName>פרוצ'אמפ</ManufacturerName>
      <ManufactureCountry>NL</ManufactureCountry>
      <ManufacturerItemDescription>פטריות חתוכות</ManufacturerItemDescription>
      <UnitQty>גרמים</UnitQty>
      <Quantity>400.00</Quantity>
      <bIsWeighted>0</bIsWeighted>
      <UnitOfMeasure>100 גרם</UnitOfMeasure>
      <QtyInPackage>0</QtyInPackage>
      <ItemPrice>5.00</ItemPrice>
      <UnitOfMeasurePrice>1.25</UnitOfMeasurePrice>
      <AllowDiscount>1</AllowDiscount>
      <ItemStatus>1</ItemStatus>
    </Item>
    <Item>
      <PriceUpdateDate>2022-05-04 11:50</PriceUpdateDate>
      <ItemCode>7296073021568</ItemCode>
      <ItemType>1</ItemType>
      <ItemName>קמח חיטה לבן בהיר 1 ק"ג</ItemName>
      <ManufacturerName>שופרסל</ManufacturerName>
      <ManufactureCountry>IL</ManufactureCountry>
      <ManufacturerItemDescription>קמח לבן</ManufacturerItemDescription>
      <UnitQty>קילוגרמים</UnitQty>
      <Quantity>1.00</Quantity>
      <bIsWeighted>0</bIsWeighted>
      <UnitOfMeasure>ק"ג</UnitOfMeasure>
      <QtyInPackage>0</QtyInPackage>
      <ItemPrice>4.90</ItemPrice>
      <UnitOfMeasurePrice>4.90</UnitOfMeasurePrice>
      <AllowDiscount>1</AllowDiscount>
      <ItemStatus>1</ItemStatus>
    </Item>
    <Item>
      <PriceUpdateDate>2022-05-04 11:50</PriceUpdateDate>
      <ItemCode>7296073021575</ItemCode>
      <ItemType>1</ItemType>
      <ItemName>קמח תופח 1 ק"ג</ItemName>
      <ManufacturerName>שופרסל</ManufacturerName>
      <ManufactureCountry>IL</ManufactureCountry>
      <ManufacturerItemDescription>קמח תופח</ManufacturerItemDescription>
      <UnitQty>קילוגרמים</UnitQty>
      <Quantity>1.00</Quantity>
      <bIsWeighted>0</bIsWeighted>
      <UnitOfMeasure>ק"ג</UnitOfMeasure>
      <QtyInPackage>0</QtyInPackage>
      <ItemPrice>7.50</ItemPrice>
      <UnitOfMeasurePrice>7.50</UnitOfMeasurePrice>
      <AllowDiscount>1</AllowDiscount>
      <ItemStatus>1</ItemStatus>
    </Item>
    <Item>
      <PriceUpdateDate>2023-01-19 18:58</PriceUpdateDate>
      <ItemCode>7296073048992</ItemCode>
      <ItemType>1</ItemType>
      <ItemName>פסטרמה בדבש שופרסל 300גר</ItemName>
      <ManufacturerName>---</ManufacturerName>
      <ManufactureCountry>IL</ManufactureCountry>
      <ManufacturerItemDescription>פסטרמה בדבש</ManufacturerItemDescription>
      <UnitQty>גרמים</UnitQty>
      <Quantity>300.00</Quantity>
      <bIsWeighted>0</bIsWeighted>
      <UnitOfMeasure>100 גרם</UnitOfMeasure>
      <QtyInPackage>0</QtyInPackage>
      <ItemPrice>24.90</ItemPrice>
      <UnitOfMeasurePrice>8.30</UnitOfMeasurePrice>
      <AllowDiscount>1</AllowDiscount>
      <ItemStatus>1</ItemStatus>
    </Item>
    <Item>
      <PriceUpdateDate>2023-01-19 18:58</PriceUpdateDate>
      <ItemCode>7296073049029</ItemCode>
      <ItemType>1</ItemType>
      <ItemName>כתף בקר שופרסל 300 גרם</ItemName>
      <ManufacturerName>מעדני יחיעם</ManufacturerName>
      <ManufactureCountry>IL</ManufactureCountry>
      <ManufacturerItemDescription>כתף בקר</ManufacturerItemDescription>
      <UnitQty>גרמים</UnitQty>
      <Quantity>300.00</Quantity>
      <bIsWeighted>0</bIsWeighted>
      <UnitOfMeasure>100 גרם</UnitOfMeasure>
      <QtyInPackage>0</QtyInPackage>
      <ItemPrice>31.90</ItemPrice>
      <UnitOfMeasurePrice>10.63</UnitOfMeasurePrice>
      <AllowDiscount>1</AllowDiscount>
      <ItemStatus>1</ItemStatus>
    </Item>
    <Item>
      <PriceUpdateDate>2023-01-19 18:58</PriceUpdateDate>
      <ItemCode>7296073049043</ItemCode>
      <ItemType>1</ItemType>
      <ItemName>פסטרמה ברבקיו שופרסל300ג</ItemName>
      <ManufacturerName>---</ManufacturerName>
      <ManufactureCountry>IL</ManufactureCountry>
      <ManufacturerItemDescription>פסטרמה ברבקיו</ManufacturerItemDescription>
      <UnitQty>גרמים</UnitQty>
      <Quantity>300.00</Quantity>
      <bIsWeighted>0</bIsWeighted>
      <UnitOfMeasure>100 גרם</UnitOfMeasure>
      <QtyInPackage>0</QtyInPackage>
      <ItemPrice>24.90</ItemPrice>
      <UnitOfMeasurePrice>8.30</UnitOfMeasurePrice>
      <AllowDiscount>1</AllowDiscount>
      <ItemStatus>1</ItemStatus>
    </Item>
    <Item>
      <PriceUpdateDate>2023-01-19 18:58</PriceUpdateDate>
      <ItemCode>7296073049074</ItemCode>
      <ItemType>1</ItemType>
      <ItemName>סלמי קוניאק שופרסל 300גר</ItemName>
      <ManufacturerName>מעדני יחיעם</ManufacturerName>
      <ManufactureCountry>IL</ManufactureCountry>
      <ManufacturerItemDescription>סלמי קוניאק</ManufacturerItemDescription>
      <UnitQty>גרמים</UnitQty>
      <Quantity>300.00</Quantity>
      <bIsWeighted>0</bIsWeighted>
      <UnitOfMeasure>100 גרם</UnitOfMeasure>
      <QtyInPackage>0</QtyInPackage>
      <ItemPrice>26.90</ItemPrice>
      <UnitOfMeasurePrice>8.97</UnitOfMeasurePrice>
      <AllowDiscount>1</AllowDiscount>
      <ItemStatus>1</ItemStatus>
    </Item>
    <Item>
      <PriceUpdateDate>2018-11-19 07:51</PriceUpdateDate>
      <ItemCode>7296073049135</ItemCode>
      <ItemType>1</ItemType>
      <ItemName>אטריות ביצים דקות שופ200</ItemName>
      <ManufacturerName>שיבולים בני דרום</ManufacturerName>
      <ManufactureCountry>IL</ManufactureCountry>
      <ManufacturerItemDescription>אטריות ביצים</ManufacturerItemDescription>
      <UnitQty>גרמים</UnitQty>
      <Quantity>200.00</Quantity>
      <bIsWeighted>0</bIsWeighted>
      <UnitOfMeasure>100 גרם</UnitOfMeasure>
      <QtyInPackage>0</QtyInPackage>
      <ItemPrice>7.90</ItemPrice>
      <UnitOfMeasurePrice>3.95</UnitOfMeasurePrice>
      <AllowDiscount>1</AllowDiscount>
      <ItemStatus>1</ItemStatus>
    </Item>
    <Item>
      <PriceUpdateDate>2023-03-05 09:04</PriceUpdateDate>
      <ItemCode>7296073053750</ItemCode>
      <ItemType>1</ItemType>
      <ItemName>פסטה לומקה 500 גרם</ItemName>
      <ManufacturerName>שופרסל</ManufacturerName>
      <ManufactureCountry>IT</ManufactureCountry>
      <ManufacturerItemDescription>פסטה לומקה ריגטה</ManufacturerItemDescription>
      <UnitQty>גרמים</UnitQty>
      <Quantity>500.00</Quantity>
      <bIsWeighted>0</bIsWeighted>
      <UnitOfMeasure>100 גרם</UnitOfMeasure>
      <QtyInPackage>0</QtyInPackage>
      <ItemPrice>5.00</ItemPrice>
      <UnitOfMeasurePrice>1.00</UnitOfMeasurePrice>
      <AllowDiscount>1</AllowDiscount>
      <ItemStatus>1</ItemStatus>
    </Item>
    <Item>
      <PriceUpdateDate>2022-01-04 07:40</PriceUpdateDate>
      <ItemCode>7296073058984</ItemCode>
      <ItemType>1</ItemType>
      <ItemName>גרנולה קראנץ פירות+אג400</ItemName>
      <ManufacturerName>בריגן קי ג'י</ManufacturerName>
      <ManufactureCountry>DE</ManufactureCountry>
      <ManufacturerItemDescription>גרנולה קראנץ</ManufacturerItemDescription>
      <UnitQty>גרמים</UnitQty>
      <Quantity>400.00</Quantity>
      <bIsWeighted>0</bIsWeighted>
      <UnitOfMeasure>100 גרם</UnitOfMeasure>
      <QtyInPackage>0</QtyInPackage>
      <ItemPrice>17.90</ItemPrice>
      <UnitOfMeasurePrice>4.48</UnitOfMeasurePrice>
      <AllowDiscount>1</AllowDiscount>
      <ItemStatus>1</ItemStatus>
    </Item>
    <Item>
      <PriceUpdateDate>2023-02-21 09:19</PriceUpdateDate>
      <ItemCode>7296073059707</ItemCode>
      <ItemType>1</ItemType>
      <ItemName>צלחת קטנה BASIC 50 יח,'</ItemName>
      <ManufacturerName>שופרסל</ManufacturerName>
      <ManufactureCountry>IL</ManufactureCountry>
      <ManufacturerItemDescription>צלחות קטנות חד"פ</ManufacturerItemDescription>
      <UnitQty>יחידה</UnitQty>
      <Quantity>1.00</Quantity>
      <bIsWeighted>0</bIsWeighted>
      <UnitOfMeasure>יחידה</UnitOfMeasure>
      <QtyInPackage>0</QtyInPackage>
      <ItemPrice>11.90</ItemPrice>
      <UnitOfMeasurePrice>11.90</UnitOfMeasurePrice>
      <AllowDiscount>1</AllowDiscount>
      <ItemStatus>1</ItemStatus>
    </Item>
    <Item>
      <PriceUpdateDate>2018-11-19 07:51</PriceUpdateDate>
      <ItemCode>7296073066354</ItemCode>
      <ItemType>1</ItemType>
      <ItemName>חטיפי חלווה שופרסל 250 ג</ItemName>
      <ManufacturerName>אחדות בע"מ א.ת. ברקן</ManufacturerName>
      <ManufactureCountry>IL</ManufactureCountry>
      <ManufacturerItemDescription>חטיפי חלווה</ManufacturerItemDescription>
      <UnitQty>גרמים</UnitQty>
      <Quantity>250.00</Quantity>
      <bIsWeighted>0</bIsWeighted>
      <UnitOfMeasure>100 גרם</UnitOfMeasure>
      <QtyInPackage>0</QtyInPackage>
      <ItemPrice>11.20</ItemPrice>
      <UnitOfMeasurePrice>4.48</UnitOfMeasurePrice>
      <AllowDiscount>1</AllowDiscount>
      <ItemStatus>1</ItemStatus>
    </Item>
    <Item>
      <PriceUpdateDate>2018-11-19 07:53</PriceUpdateDate>
      <ItemCode>7296073078838</ItemCode>
      <ItemType>1</ItemType>
      <ItemName>6 כריות יפניות שופרסל</ItemName>
      <ManufacturerName>פלסטו פוליש</ManufacturerName>
      <ManufactureCountry>IL</ManufactureCountry>
      <ManufacturerItemDescription>כריות יפניות</ManufacturerItemDescription>
      <UnitQty>יחידה</UnitQty>
      <Quantity>1.00</Quantity>
      <bIsWeighted>0</bIsWeighted>
      <UnitOfMeasure>יחידה</UnitOfMeasure>
      <QtyInPackage>0</QtyInPackage>
      <ItemPrice>9.70</ItemPrice>
      <UnitOfMeasurePrice>9.70</UnitOfMeasurePrice>
      <AllowDiscount>1</AllowDiscount>
      <ItemStatus>1</ItemStatus>
    </Item>
    <Item>
      <PriceUpdateDate>2021-12-07 07:10</PriceUpdateDate>
      <ItemCode>7296073079040</ItemCode>
      <ItemType>1</ItemType>
      <ItemName>פריכ.אורז מיני ט.זעתר50ג</ItemName>
      <ManufacturerName>פרח תעשיות מזון בע"\מ</ManufacturerName>
      <ManufactureCountry>IL</ManufactureCountry>
      <ManufacturerItemDescription>פריכיות אורז</ManufacturerItemDescription>
      <UnitQty>גרמים</UnitQty>
      <Quantity>50.00</Quantity>
      <bIsWeighted>0</bIsWeighted>
      <UnitOfMeasure>100 גרם</UnitOfMeasure>
      <QtyInPackage>0</QtyInPackage>
      <ItemPrice>8.90</ItemPrice>
      <UnitOfMeasurePrice>17.80</UnitOfMeasurePrice>
      <AllowDiscount>1</AllowDiscount>
      <ItemStatus>1</ItemStatus>
    </Item>
    <Item>
      <PriceUpdateDate>2023-01-02 08:18</PriceUpdateDate>
      <ItemCode>7296073080503</ItemCode>
      <ItemType>1</ItemType>
      <ItemName>אפונה ירוקה בינונית 550ג</ItemName>
      <ManufacturerName>פרי גליל</ManufacturerName>
      <ManufactureCountry>IL</ManufactureCountry>
      <ManufacturerItemDescription>אפונה ירוקה</ManufacturerItemDescription>
      <UnitQty>גרמים</UnitQty>
      <Quantity>550.00</Quantity>
      <bIsWeighted>0</bIsWeighted>
      <UnitOfMeasure>100 גרם</UnitOfMeasure>
      <QtyInPackage>0</QtyInPackage>
      <ItemPrice>7.90</ItemPrice>
      <UnitOfMeasurePrice>1.44</UnitOfMeasurePrice>
      <AllowDiscount>1</AllowDiscount>
      <ItemStatus>1</ItemStatus>
    </Item>
    <Item>
      <PriceUpdateDate>2018-11-19 07:51</PriceUpdateDate>
      <ItemCode>7296073087298</ItemCode>
      <ItemType>1</ItemType>
      <ItemName>קונפ.מישמש שופרסל 370 גר</ItemName>
      <ManufacturerName>LTD 99 CIMA</ManufacturerName>
      <ManufactureCountry>BG</ManufactureCountry>
      <ManufacturerItemDescription>קונפיטורה מישמש</ManufacturerItemDescription>
      <UnitQty>גרמים</UnitQty>
      <Quantity>370.00</Quantity>
      <bIsWeighted>0</bIsWeighted>
      <UnitOfMeasure>100 גרם</UnitOfMeasure>
      <QtyInPackage>0</QtyInPackage>
      <ItemPrice>13.50</ItemPrice>
      <UnitOfMeasurePrice>3.65</UnitOfMeasurePrice>
      <AllowDiscount>1</AllowDiscount>
      <ItemStatus>1</ItemStatus>
    </Item>
    <Item>
      <PriceUpdateDate>2023-04-13 10:30</PriceUpdateDate>
      <ItemCode>7296073091462</ItemCode>
      <ItemType>1</ItemType>
      <ItemName>פיסטוק קלוי וממולח 200ג</ItemName>
      <ManufacturerName>ששון</ManufacturerName>
      <ManufactureCountry>IL</ManufactureCountry>
      <ManufacturerItemDescription>פיסטוק קלוי</ManufacturerItemDescription>
      <UnitQty>גרמים</UnitQty>
      <Quantity>200.00</Quantity>
      <bIsWeighted>0</bIsWeighted>
      <UnitOfMeasure>100 גרם</UnitOfMeasure>
      <QtyInPackage>0</QtyInPackage>
      <ItemPrice>21.90</ItemPrice>
      <UnitOfMeasurePrice>10.95</UnitOfMeasurePrice>
      <AllowDiscount>1</AllowDiscount>
      <ItemStatus>1</ItemStatus>
    </Item>
    <Item>
      <PriceUpdateDate>2023-04-13 10:30</PriceUpdateDate>
      <ItemCode>7296073091547</ItemCode>
      <ItemType>1</ItemType>
      <ItemName>צימוקים בהירים 400גרם</ItemName>
      <ManufacturerName>ששון</ManufacturerName>
      <ManufactureCountry>IL</ManufactureCountry>
      <ManufacturerItemDescription>צימוק בהיר</ManufacturerItemDescription>
      <UnitQty>גרמים</UnitQty>
      <Quantity>400.00</Quantity>
      <bIsWeighted>0</bIsWeighted>
      <UnitOfMeasure>100 גרם</UnitOfMeasure>
      <QtyInPackage>0</QtyInPackage>
      <ItemPrice>21.90</ItemPrice>
      <UnitOfMeasurePrice>5.48</UnitOfMeasurePrice>
      <AllowDiscount>1</AllowDiscount>
      <ItemStatus>1</ItemStatus>
    </Item>
    <Item>
      <PriceUpdateDate>2022-03-07 10:14</PriceUpdateDate>
      <ItemCode>7296073091554</ItemCode>
      <ItemType>1</ItemType>
      <ItemName>צימוקים כהים 400 גרם</ItemName>
      <ManufacturerName>ששון</ManufacturerName>
      <ManufactureCountry>IL</ManufactureCountry>
      <ManufacturerItemDescription>צימוקים כהים</ManufacturerItemDescription>
      <UnitQty>גרמים</UnitQty>
      <Quantity>400.00</Quantity>
      <bIsWeighted>0</bIsWeighted>
      <UnitOfMeasure>100 גרם</UnitOfMeasure>
      <QtyInPackage>0</QtyInPackage>
      <ItemPrice>19.90</ItemPrice>
      <UnitOfMeasurePrice>4.98</UnitOfMeasurePrice>
      <AllowDiscount>1</AllowDiscount>
      <ItemStatus>1</ItemStatus>
    </Item>
    <Item>
      <PriceUpdateDate>2018-11-19 07:48</PriceUpdateDate>
      <ItemCode>7296073091585</ItemCode>
      <ItemType>1</ItemType>
      <ItemName>שקדים קלופים 200 גרם</ItemName>
      <ManufacturerName>ששון</ManufacturerName>
      <ManufactureCountry>IL</ManufactureCountry>
      <ManufacturerItemDescription>שקדים קלופים</ManufacturerItemDescription>
      <UnitQty>גרמים</UnitQty>
      <Quantity>200.00</Quantity>
      <bIsWeighted>0</bIsWeighted>
      <UnitOfMeasure>100 גרם</UnitOfMeasure>
      <QtyInPackage>0</QtyInPackage>
      <ItemPrice>18.90</ItemPrice>
      <UnitOfMeasurePrice>9.45</UnitOfMeasurePrice>
      <AllowDiscount>1</AllowDiscount>
      <ItemStatus>1</ItemStatus>
    </Item>
    <Item>
      <PriceUpdateDate>2023-04-13 10:30</PriceUpdateDate>
      <ItemCode>7296073091608</ItemCode>
      <ItemType>1</ItemType>
      <ItemName>אגוזי קשיו קלופים טבעיים</ItemName>
      <ManufacturerName>ששון</ManufacturerName>
      <ManufactureCountry>VN</ManufactureCountry>
      <ManufacturerItemDescription>אגוזי קשיו טבעי</ManufacturerItemDescription>
      <UnitQty>גרמים</UnitQty>
      <Quantity>200.00</Quantity>
      <bIsWeighted>0</bIsWeighted>
      <UnitOfMeasure>100 גרם</UnitOfMeasure>
      <QtyInPackage>0</QtyInPackage>
      <ItemPrice>19.90</ItemPrice>
      <UnitOfMeasurePrice>9.95</UnitOfMeasurePrice>
      <AllowDiscount>1</AllowDiscount>
      <ItemStatus>1</ItemStatus>
    </Item>
    <Item>
      <PriceUpdateDate>2022-03-07 10:14</PriceUpdateDate>
      <ItemCode>7296073091646</ItemCode>
      <ItemType>1</ItemType>
      <ItemName>צנוברים קלופים 100גרם</ItemName>
      <ManufacturerName>ששון</ManufacturerName>
      <ManufactureCountry>CN</ManufactureCountry>
      <ManufacturerItemDescription>צנוברים קלופים</ManufacturerItemDescription>
      <UnitQty>גרמים</UnitQty>
      <Quantity>100.00</Quantity>
      <bIsWeighted>0</bIsWeighted>
      <UnitOfMeasure>100 גרם</UnitOfMeasure>
      <QtyInPackage>0</QtyInPackage>
      <ItemPrice>26.90</ItemPrice>
      <UnitOfMeasurePrice>26.90</UnitOfMeasurePrice>
      <AllowDiscount>1</AllowDiscount>
      <ItemStatus>1</ItemStatus>
    </Item>
    <Item>
      <PriceUpdateDate>2022-12-26 09:25</PriceUpdateDate>
      <ItemCode>7296073098294</ItemCode>
      <ItemType>1</ItemType>
      <ItemName>ברוקולי מוקפא שופרסל 800</ItemName>
      <ManufacturerName>פרי גליל</ManufacturerName>
      <ManufactureCountry>IL</ManufactureCountry>
      <ManufacturerItemDescription>ברוקולי 800 גר</ManufacturerItemDescription>
      <UnitQty>גרמים</UnitQty>
      <Quantity>800.00</Quantity>
      <bIsWeighted>0</bIsWeighted>
      <UnitOfMeasure>100 גרם</UnitOfMeasure>
      <QtyInPackage>0</QtyInPackage>
      <ItemPrice>21.90</ItemPrice>
      <UnitOfMeasurePrice>2.74</UnitOfMeasurePrice>
      <AllowDiscount>1</AllowDiscount>
      <ItemStatus>1</ItemStatus>
    </Item>
    <Item>
      <PriceUpdateDate>2019-06-11 07:50</PriceUpdateDate>
      <ItemCode>7296073103813</ItemCode>
      <ItemType>1</ItemType>
      <ItemName>תפוח אדמה לבן ארוז</ItemName>
      <ManufacturerName>---</ManufacturerName>
      <ManufactureCountry>IL</ManufactureCountry>
      <ManufacturerItemDescription>תפו"א לבן ארוז</ManufacturerItemDescription>
      <UnitQty>קילוגרמים</UnitQty>
      <Quantity>0.00</Quantity>
      <bIsWeighted>1</bIsWeighted>
      <UnitOfMeasure>ק"ג</UnitOfMeasure>
      <QtyInPackage>0</QtyInPackage>
      <ItemPrice>4.90</ItemPrice>
      <UnitOfMeasurePrice>4.90</UnitOfMeasurePrice>
      <AllowDiscount>1</AllowDiscount>
      <ItemStatus>1</ItemStatus>
    </Item>
    <Item>
      <PriceUpdateDate>2018-11-19 07:51</PriceUpdateDate>
      <ItemCode>7296073106074</ItemCode>
      <ItemType>1</ItemType>
      <ItemName>פסטה טליאטלה 500 גרם</ItemName>
      <ManufacturerName>שופרסל</ManufacturerName>
      <ManufactureCountry>IT</ManufactureCountry>
      <ManufacturerItemDescription>פסטה טליאטלה</ManufacturerItemDescription>
      <UnitQty>גרמים</UnitQty>
      <Quantity>500.00</Quantity>
      <bIsWeighted>0</bIsWeighted>
      <UnitOfMeasure>100 גרם</UnitOfMeasure>
      <QtyInPackage>0</QtyInPackage>
      <ItemPrice>10.90</ItemPrice>
      <UnitOfMeasurePrice>2.18</UnitOfMeasurePrice>
      <AllowDiscount>1</AllowDiscount>
      <ItemStatus>1</ItemStatus>
    </Item>
    <Item>
      <PriceUpdateDate>2022-12-26 09:25</PriceUpdateDate>
      <ItemCode>7296073107989</ItemCode>
      <ItemType>1</ItemType>
      <ItemName>גרעיני תירס שופרסל 800 ג</ItemName>
      <ManufacturerName>פרי גליל</ManufacturerName>
      <ManufactureCountry>IL</ManufactureCountry>
      <ManufacturerItemDescription>גרעיני תירס</ManufacturerItemDescription>
      <UnitQty>גרמים</UnitQty>
      <Quantity>800.00</Quantity>
      <bIsWeighted>0</bIsWeighted>
      <UnitOfMeasure>100 גרם</UnitOfMeasure>
      <QtyInPackage>0</QtyInPackage>
      <ItemPrice>17.90</ItemPrice>
      <UnitOfMeasurePrice>2.24</UnitOfMeasurePrice>
      <AllowDiscount>1</AllowDiscount>
      <ItemStatus>1</ItemStatus>
    </Item>
    <Item>
      <PriceUpdateDate>2022-12-26 09:25</PriceUpdateDate>
      <ItemCode>7296073108085</ItemCode>
      <ItemType>1</ItemType>
      <ItemName>שעועית צהובה חתוכה שופרס</ItemName>
      <ManufacturerName>פרי גליל</ManufacturerName>
      <ManufactureCountry>IL</ManufactureCountry>
      <ManufacturerItemDescription>שעועית צהובה</ManufacturerItemDescription>
      <UnitQty>גרמים</UnitQty>
      <Quantity>800.00</Quantity>
      <bIsWeighted>0</bIsWeighted>
      <UnitOfMeasure>100 גרם</UnitOfMeasure>
      <QtyInPackage>0</QtyInPackage>
      <ItemPrice>17.90</ItemPrice>
      <UnitOfMeasurePrice>2.24</UnitOfMeasurePrice>
      <AllowDiscount>1</AllowDiscount>
      <ItemStatus>1</ItemStatus>
    </Item>
    <Item>
      <PriceUpdateDate>2018-11-19 07:48</PriceUpdateDate>
      <ItemCode>7296073109822</ItemCode>
      <ItemType>1</ItemType>
      <ItemName>תמר מג'הול מעולה 400 גרם</ItemName>
      <ManufacturerName>הדיקלאים</ManufacturerName>
      <ManufactureCountry>IL</ManufactureCountry>
      <ManufacturerItemDescription>תמר מג'הול 400ג</ManufacturerItemDescription>
      <UnitQty>גרמים</UnitQty>
      <Quantity>400.00</Quantity>
      <bIsWeighted>0</bIsWeighted>
      <UnitOfMeasure>100 גרם</UnitOfMeasure>
      <QtyInPackage>0</QtyInPackage>
      <ItemPrice>13.90</ItemPrice>
      <UnitOfMeasurePrice>3.48</UnitOfMeasurePrice>
      <AllowDiscount>1</AllowDiscount>
      <ItemStatus>1</ItemStatus>
    </Item>
    <Item>
      <PriceUpdateDate>2018-11-19 07:51</PriceUpdateDate>
      <ItemCode>7296073112464</ItemCode>
      <ItemType>1</ItemType>
      <ItemName>פוסילי מקמח חיטה מלא500ג</ItemName>
      <ManufacturerName>שופרסל</ManufacturerName>
      <ManufactureCountry>IT</ManufactureCountry>
      <ManufacturerItemDescription>פוזילי חיטה מלאה</ManufacturerItemDescription>
      <UnitQty>גרמים</UnitQty>
      <Quantity>500.00</Quantity>
      <bIsWeighted>0</bIsWeighted>
      <UnitOfMeasure>100 גרם</UnitOfMeasure>
      <QtyInPackage>0</QtyInPackage>
      <ItemPrice>8.70</ItemPrice>
      <UnitOfMeasurePrice>1.74</UnitOfMeasurePrice>
      <AllowDiscount>1</AllowDiscount>
      <ItemStatus>1</ItemStatus>
    </Item>
    <Item>
      <PriceUpdateDate>2018-11-19 07:51</PriceUpdateDate>
      <ItemCode>7296073116820</ItemCode>
      <ItemType>1</ItemType>
      <ItemName>קמח תפו"א שופרסל 500 גרם</ItemName>
      <ManufacturerName>מיה</ManufacturerName>
      <ManufactureCountry>IL</ManufactureCountry>
      <ManufacturerItemDescription>קמח תפו"א</ManufacturerItemDescription>
      <UnitQty>גרמים</UnitQty>
      <Quantity>500.00</Quantity>
      <bIsWeighted>0</bIsWeighted>
      <UnitOfMeasure>100 גרם</UnitOfMeasure>
      <QtyInPackage>0</QtyInPackage>
      <ItemPrice>6.90</ItemPrice>
      <UnitOfMeasurePrice>1.38</UnitOfMeasurePrice>
      <AllowDiscount>1</AllowDiscount>
      <ItemStatus>1</ItemStatus>
    </Item>
    <Item>
      <PriceUpdateDate>2018-11-19 07:48</PriceUpdateDate>
      <ItemCode>7296073121183</ItemCode>
      <ItemType>1</ItemType>
      <ItemName>תמר דקל נור 400גרם</ItemName>
      <ManufacturerName>ערדום תמרים</ManufacturerName>
      <ManufactureCountry>IL</ManufactureCountry>
      <ManufacturerItemDescription>תמר דקל נור 400ג</ManufacturerItemDescription>
      <UnitQty>גרמים</UnitQty>
      <Quantity>400.00</Quantity>
      <bIsWeighted>0</bIsWeighted>
      <UnitOfMeasure>100 גרם</UnitOfMeasure>
      <QtyInPackage>0</QtyInPackage>
      <ItemPrice>13.90</ItemPrice>
      <UnitOfMeasurePrice>3.48</UnitOfMeasurePrice>
      <AllowDiscount>1</AllowDiscount>
      <ItemStatus>1</ItemStatus>
    </Item>
    <Item>
      <PriceUpdateDate>2023-01-19 18:58</PriceUpdateDate>
      <ItemCode>7296073122296</ItemCode>
      <ItemType>1</ItemType>
      <ItemName>פסטרמה מסורתית שופר300.ג</ItemName>
      <ManufacturerName>---</ManufacturerName>
      <ManufactureCountry>IL</ManufactureCountry>
      <ManufacturerItemDescription>פסטרמה מסורתית</ManufacturerItemDescription>
      <UnitQty>גרמים</UnitQty>
      <Quantity>300.00</Quantity>
      <bIsWeighted>0</bIsWeighted>
      <UnitOfMeasure>100 גרם</UnitOfMeasure>
      <QtyInPackage>0</QtyInPackage>
      <ItemPrice>24.90</ItemPrice>
      <UnitOfMeasurePrice>8.30</UnitOfMeasurePrice>
      <AllowDiscount>1</AllowDiscount>
      <ItemStatus>1</ItemStatus>
    </Item>
    <Item>
      <PriceUpdateDate>2020-01-21 06:57</PriceUpdateDate>
      <ItemCode>7296073122333</ItemCode>
      <ItemType>1</ItemType>
      <ItemName>שקדי מרק רכיבים טבעי400ג</ItemName>
      <ManufacturerName>שופרסל</ManufacturerName>
      <ManufactureCountry>IL</ManufactureCountry>
      <ManufacturerItemDescription>שקדי מרק בשקית</ManufacturerItemDescription>
      <UnitQty>גרמים</UnitQty>
      <Quantity>400.00</Quantity>
      <bIsWeighted>0</bIsWeighted>
      <UnitOfMeasure>100 גרם</UnitOfMeasure>
      <QtyInPackage>0</QtyInPackage>
      <ItemPrice>8.90</ItemPrice>
      <UnitOfMeasurePrice>2.23</UnitOfMeasurePrice>
      <AllowDiscount>1</AllowDiscount>
      <ItemStatus>1</ItemStatus>
    </Item>
    <Item>
      <PriceUpdateDate>2023-03-05 09:04</PriceUpdateDate>
      <ItemCode>7296073124399</ItemCode>
      <ItemType>1</ItemType>
      <ItemName>ספגטי מס 5 500 גרם</ItemName>
      <ManufacturerName>שופרסל</ManufacturerName>
      <ManufactureCountry>IT</ManufactureCountry>
      <ManufacturerItemDescription>ספגטי מספר 5</ManufacturerItemDescription>
      <UnitQty>גרמים</UnitQty>
      <Quantity>500.00</Quantity>
      <bIsWeighted>0</bIsWeighted>
      <UnitOfMeasure>100 גרם</UnitOfMeasure>
      <QtyInPackage>0</QtyInPackage>
      <ItemPrice>5.00</ItemPrice>
      <UnitOfMeasurePrice>1.00</UnitOfMeasurePrice>
      <AllowDiscount>1</AllowDiscount>
      <ItemStatus>1</ItemStatus>
    </Item>
    <Item>
      <PriceUpdateDate>2022-09-01 07:44</PriceUpdateDate>
      <ItemCode>7296073128229</ItemCode>
      <ItemType>1</ItemType>
      <ItemName>שופרסל מעדן תות שדה284גר</ItemName>
      <ManufacturerName>LTD 99 CIMA</ManufacturerName>
      <ManufactureCountry>BG</ManufactureCountry>
      <ManufacturerItemDescription>מעדן תות שדה</ManufacturerItemDescription>
      <UnitQty>גרמים</UnitQty>
      <Quantity>284.00</Quantity>
      <bIsWeighted>0</bIsWeighted>
      <UnitOfMeasure>100 גרם</UnitOfMeasure>
      <QtyInPackage>0</QtyInPackage>
      <ItemPrice>15.90</ItemPrice>
      <UnitOfMeasurePrice>5.60</UnitOfMeasurePrice>
      <AllowDiscount>1</AllowDiscount>
      <ItemStatus>1</ItemStatus>
    </Item>
    <Item>
      <PriceUpdateDate>2023-03-05 09:04</PriceUpdateDate>
      <ItemCode>7296073130499</ItemCode>
      <ItemType>1</ItemType>
      <ItemName>מיץ לימון שופרסל 200 מ"ל</ItemName>
      <ManufacturerName>סי פרווידר</ManufacturerName>
      <ManufactureCountry>IT</ManufactureCountry>
      <ManufacturerItemDescription>מיץ לימון שופרסל</ManufacturerItemDescription>
      <UnitQty>מיליליטרים</UnitQty>
      <Quantity>200.00</Quantity>
      <bIsWeighted>0</bIsWeighted>
      <UnitOfMeasure>100 מ"ל</UnitOfMeasure>
      <QtyInPackage>0</QtyInPackage>
      <ItemPrice>6.50</ItemPrice>
      <UnitOfMeasurePrice>3.25</UnitOfMeasurePrice>
      <AllowDiscount>1</AllowDiscount>
      <ItemStatus>1</ItemStatus>
    </Item>
    <Item>
      <PriceUpdateDate>2020-03-31 14:02</PriceUpdateDate>
      <ItemCode>7296073132820</ItemCode>
      <ItemType>1</ItemType>
      <ItemName>סלק בואקום 500 גרם</ItemName>
      <ManufacturerName>שופרסל</ManufacturerName>
      <ManufactureCountry>ES</ManufactureCountry>
      <ManufacturerItemDescription>סלק בואקום 500ג</ManufacturerItemDescription>
      <UnitQty>גרמים</UnitQty>
      <Quantity>500.00</Quantity>
      <bIsWeighted>0</bIsWeighted>
      <UnitOfMeasure>100 גרם</UnitOfMeasure>
      <QtyInPackage>0</QtyInPackage>
      <ItemPrice>8.90</ItemPrice>
      <UnitOfMeasurePrice>1.78</UnitOfMeasurePrice>
      <AllowDiscount>1</AllowDiscount>
      <ItemStatus>1</ItemStatus>
    </Item>
    <Item>
      <PriceUpdateDate>2023-01-27 11:43</PriceUpdateDate>
      <ItemCode>7296073132943</ItemCode>
      <ItemType>1</ItemType>
      <ItemName>עוגת מאפין שוק.שופרסל400</ItemName>
      <ManufacturerName>גידרון</ManufacturerName>
      <ManufactureCountry>IL</ManufactureCountry>
      <ManufacturerItemDescription>עוגת מאפין</ManufacturerItemDescription>
      <UnitQty>גרמים</UnitQty>
      <Quantity>400.00</Quantity>
      <bIsWeighted>0</bIsWeighted>
      <UnitOfMeasure>100 גרם</UnitOfMeasure>
      <QtyInPackage>0</QtyInPackage>
      <ItemPrice>12.50</ItemPrice>
      <UnitOfMeasurePrice>3.13</UnitOfMeasurePrice>
      <AllowDiscount>1</AllowDiscount>
      <ItemStatus>1</ItemStatus>
    </Item>
    <Item>
      <PriceUpdateDate>2023-02-21 09:19</PriceUpdateDate>
      <ItemCode>7296073132974</ItemCode>
      <ItemType>1</ItemType>
      <ItemName>צלחת לבן ELEGANT ענק 25</ItemName>
      <ManufacturerName>כללי</ManufacturerName>
      <ManufactureCountry>IL</ManufactureCountry>
      <ManufacturerItemDescription>צלחות ענקיות</ManufacturerItemDescription>
      <UnitQty>יחידה</UnitQty>
      <Quantity>1.00</Quantity>
      <bIsWeighted>0</bIsWeighted>
      <UnitOfMeasure>יחידה</UnitOfMeasure>
      <QtyInPackage>0</QtyInPackage>
      <ItemPrice>19.90</ItemPrice>
      <UnitOfMeasurePrice>19.90</UnitOfMeasurePrice>
      <AllowDiscount>1</AllowDiscount>
      <ItemStatus>1</ItemStatus>
    </Item>
    <Item>
      <PriceUpdateDate>2018-11-19 07:51</PriceUpdateDate>
      <ItemCode>7296073134541</ItemCode>
      <ItemType>1</ItemType>
      <ItemName>מארז קפה טורקי 3 * 100גר</ItemName>
      <ManufacturerName>שופרסל</ManufacturerName>
      <ManufactureCountry>IL</ManufactureCountry>
      <ManufacturerItemDescription>מארז קפה טורקי</ManufacturerItemDescription>
      <UnitQty>גרמים</UnitQty>
      <Quantity>300.00</Quantity>
      <bIsWeighted>0</bIsWeighted>
      <UnitOfMeasure>100 גרם</UnitOfMeasure>
      <QtyInPackage>0</QtyInPackage>
      <ItemPrice>16.60</ItemPrice>
      <UnitOfMeasurePrice>5.53</UnitOfMeasurePrice>
      <AllowDiscount>1</AllowDiscount>
      <ItemStatus>1</ItemStatus>
    </Item>
    <Item>
      <PriceUpdateDate>2018-11-19 07:51</PriceUpdateDate>
      <ItemCode>7296073141143</ItemCode>
      <ItemType>1</ItemType>
      <ItemName>שוקולד חלב שופרסל100 גרם</ItemName>
      <ManufacturerName>שוקולד פריי בע"מ</ManufacturerName>
      <ManufactureCountry>CH</ManufactureCountry>
      <ManufacturerItemDescription>שוקולד חלב</ManufacturerItemDescription>
      <UnitQty>גרמים</UnitQty>
      <Quantity>100.00</Quantity>
      <bIsWeighted>0</bIsWeighted>
      <UnitOfMeasure>100 גרם</UnitOfMeasure>
      <QtyInPackage>0</QtyInPackage>
      <ItemPrice>5.60</ItemPrice>
      <UnitOfMeasurePrice>5.60</UnitOfMeasurePrice>
      <AllowDiscount>1</AllowDiscount>
      <ItemStatus>1</ItemStatus>
    </Item>
    <Item>
      <PriceUpdateDate>2022-05-10 09:42</PriceUpdateDate>
      <ItemCode>7296073143437</ItemCode>
      <ItemType>1</ItemType>
      <ItemName>ברנפלקס ללת"ס</ItemName>
      <ManufacturerName>בריגן קי ג'י</ManufacturerName>
      <ManufactureCountry>DE</ManufactureCountry>
      <ManufacturerItemDescription>ברנפלקס ללת"ס</ManufacturerItemDescription>
      <UnitQty>גרמים</UnitQty>
      <Quantity>500.00</Quantity>
      <bIsWeighted>0</bIsWeighted>
      <UnitOfMeasure>100 גרם</UnitOfMeasure>
      <QtyInPackage>0</QtyInPackage>
      <ItemPrice>20.90</ItemPrice>
      <UnitOfMeasurePrice>4.18</UnitOfMeasurePrice>
      <AllowDiscount>1</AllowDiscount>
      <ItemStatus>1</ItemStatus>
    </Item>
    <Item>
      <PriceUpdateDate>2022-12-18 16:41</PriceUpdateDate>
      <ItemCode>7296073146933</ItemCode>
      <ItemType>1</ItemType>
      <ItemName>שוק.אוורירי מריר שופר100</ItemName>
      <ManufacturerName>שוקולד פריי בע"מ</ManufacturerName>
      <ManufactureCountry>CH</ManufactureCountry>
      <ManufacturerItemDescription>שוקולד אוורירי</ManufacturerItemDescription>
      <UnitQty>גרמים</UnitQty>
      <Quantity>100.00</Quantity>
      <bIsWeighted>0</bIsWeighted>
      <UnitOfMeasure>100 גרם</UnitOfMeasure>
      <QtyInPackage>0</QtyInPackage>
      <ItemPrice>6.20</ItemPrice>
      <UnitOfMeasurePrice>6.20</UnitOfMeasurePrice>
      <AllowDiscount>1</AllowDiscount>
      <ItemStatus>1</ItemStatus>
    </Item>
    <Item>
      <PriceUpdateDate>2022-12-18 16:41</PriceUpdateDate>
      <ItemCode>7296073146940</ItemCode>
      <ItemType>1</ItemType>
      <ItemName>שוק.אוורירי חלב שופר100ג</ItemName>
      <ManufacturerName>שוקולד פריי בע"מ</ManufacturerName>
      <ManufactureCountry>CH</ManufactureCountry>
      <ManufacturerItemDescription>שוקולד אוורירי</ManufacturerItemDescription>
      <UnitQty>גרמים</UnitQty>
      <Quantity>100.00</Quantity>
      <bIsWeighted>0</bIsWeighted>
      <UnitOfMeasure>100 גרם</UnitOfMeasure>
      <QtyInPackage>0</QtyInPackage>
      <ItemPrice>6.20</ItemPrice>
      <UnitOfMeasurePrice>6.20</UnitOfMeasurePrice>
      <AllowDiscount>1</AllowDiscount>
      <ItemStatus>1</ItemStatus>
    </Item>
    <Item>
      <PriceUpdateDate>2022-02-01 08:46</PriceUpdateDate>
      <ItemCode>7296073150527</ItemCode>
      <ItemType>1</ItemType>
      <ItemName>קורנפלקס שופרסל 750 גרם</ItemName>
      <ManufacturerName>שופרסל</ManufacturerName>
      <ManufactureCountry>DK</ManufactureCountry>
      <ManufacturerItemDescription>קורנפלקס שופרסל</ManufacturerItemDescription>
      <UnitQty>גרמים</UnitQty>
      <Quantity>750.00</Quantity>
      <bIsWeighted>0</bIsWeighted>
      <UnitOfMeasure>100 גרם</UnitOfMeasure>
      <QtyInPackage>0</QtyInPackage>
      <ItemPrice>13.90</ItemPrice>
      <UnitOfMeasurePrice>1.85</UnitOfMeasurePrice>
      <AllowDiscount>1</AllowDiscount>
      <ItemStatus>1</ItemStatus>
    </Item>
    <Item>
      <PriceUpdateDate>2023-02-12 13:39</PriceUpdateDate>
      <ItemCode>7296073151463</ItemCode>
      <ItemType>1</ItemType>
      <ItemName>פריכיות דקות דל נתרן100ג</ItemName>
      <ManufacturerName>פרח תעשיות מזון בע"\מ</ManufacturerName>
      <ManufactureCountry>IL</ManufactureCountry>
      <ManufacturerItemDescription>פריכיות דקות</ManufacturerItemDescription>
      <UnitQty>גרמים</UnitQty>
      <Quantity>100.00</Quantity>
      <bIsWeighted>0</bIsWeighted>
      <UnitOfMeasure>100 גרם</UnitOfMeasure>
      <QtyInPackage>0</QtyInPackage>
      <ItemPrice>8.40</ItemPrice>
      <UnitOfMeasurePrice>8.40</UnitOfMeasurePrice>
      <AllowDiscount>1</AllowDiscount>
      <ItemStatus>1</ItemStatus>
    </Item>
    <Item>
      <PriceUpdateDate>2018-11-19 07:51</PriceUpdateDate>
      <ItemCode>7296073151548</ItemCode>
      <ItemType>1</ItemType>
      <ItemName>מלח בישול גס שופרסל 1 קג</ItemName>
      <ManufacturerName>מלח הארץ אילת</ManufacturerName>
      <ManufactureCountry>IL</ManufactureCountry>
      <ManufacturerItemDescription>מלח בישול גס</ManufacturerItemDescription>
      <UnitQty>קילוגרמים</UnitQty>
      <Quantity>1.00</Quantity>
      <bIsWeighted>0</bIsWeighted>
      <UnitOfMeasure>ק"ג</UnitOfMeasure>
      <QtyInPackage>0</QtyInPackage>
      <ItemPrice>2.07</ItemPrice>
      <UnitOfMeasurePrice>2.07</UnitOfMeasurePrice>
      <AllowDiscount>1</AllowDiscount>
      <ItemStatus>1</ItemStatus>
    </Item>
    <Item>
      <PriceUpdateDate>2018-11-19 07:51</PriceUpdateDate>
      <ItemCode>7296073151555</ItemCode>
      <ItemType>1</ItemType>
      <ItemName>מלח שולחן דק שופרסל 1 קג</ItemName>
      <ManufacturerName>מלח הארץ אילת</ManufacturerName>
      <ManufactureCountry>IL</ManufactureCountry>
      <ManufacturerItemDescription>מלח שולחן דק</ManufacturerItemDescription>
      <UnitQty>קילוגרמים</UnitQty>
      <Quantity>1.00</Quantity>
      <bIsWeighted>0</bIsWeighted>
      <UnitOfMeasure>ק"ג</UnitOfMeasure>
      <QtyInPackage>0</QtyInPackage>
      <ItemPrice>2.07</ItemPrice>
      <UnitOfMeasurePrice>2.07</UnitOfMeasurePrice>
      <AllowDiscount>1</AllowDiscount>
      <ItemStatus>1</ItemStatus>
    </Item>
    <Item>
      <PriceUpdateDate>2021-09-12 08:50</PriceUpdateDate>
      <ItemCode>7296073153238</ItemCode>
      <ItemType>1</ItemType>
      <ItemName>גזר ארוז שופרסל</ItemName>
      <ManufacturerName />
      <ManufactureCountry>IL</ManufactureCountry>
      <ManufacturerItemDescription>גזר ארוז שופרסל</ManufacturerItemDescription>
      <UnitQty>קילוגרמים</UnitQty>
      <Quantity>0.00</Quantity>
      <bIsWeighted>1</bIsWeighted>
      <UnitOfMeasure>ק"ג</UnitOfMeasure>
      <QtyInPackage>0</QtyInPackage>
      <ItemPrice>5.90</ItemPrice>
      <UnitOfMeasurePrice>5.90</UnitOfMeasurePrice>
      <AllowDiscount>1</AllowDiscount>
      <ItemStatus>1</ItemStatus>
    </Item>
    <Item>
      <PriceUpdateDate>2018-11-19 07:51</PriceUpdateDate>
      <ItemCode>7296073161493</ItemCode>
      <ItemType>1</ItemType>
      <ItemName>שוק.מריר60%שופרסל 100*2ג</ItemName>
      <ManufacturerName>שוקולד פריי בע"מ</ManufacturerName>
      <ManufactureCountry>CH</ManufactureCountry>
      <ManufacturerItemDescription>שוקולד מריר זוג</ManufacturerItemDescription>
      <UnitQty>גרמים</UnitQty>
      <Quantity>200.00</Quantity>
      <bIsWeighted>0</bIsWeighted>
      <UnitOfMeasure>100 גרם</UnitOfMeasure>
      <QtyInPackage>0</QtyInPackage>
      <ItemPrice>14.20</ItemPrice>
      <UnitOfMeasurePrice>7.10</UnitOfMeasurePrice>
      <AllowDiscount>1</AllowDiscount>
      <ItemStatus>1</ItemStatus>
    </Item>
    <Item>
      <PriceUpdateDate>2023-03-05 09:05</PriceUpdateDate>
      <ItemCode>7296073169550</ItemCode>
      <ItemType>1</ItemType>
      <ItemName>3 מטליות מיקרופייבר שופר</ItemName>
      <ManufacturerName>שופרסל</ManufacturerName>
      <ManufactureCountry>CN</ManufactureCountry>
      <ManufacturerItemDescription>מטליות מיקרופיבר</ManufacturerItemDescription>
      <UnitQty>יחידה</UnitQty>
      <Quantity>1.00</Quantity>
      <bIsWeighted>0</bIsWeighted>
      <UnitOfMeasure>יחידה</UnitOfMeasure>
      <QtyInPackage>0</QtyInPackage>
      <ItemPrice>12.90</ItemPrice>
      <UnitOfMeasurePrice>12.90</UnitOfMeasurePrice>
      <AllowDiscount>1</AllowDiscount>
      <ItemStatus>1</ItemStatus>
    </Item>
    <Item>
      <PriceUpdateDate>2018-11-19 07:51</PriceUpdateDate>
      <ItemCode>7296073170839</ItemCode>
      <ItemType>1</ItemType>
      <ItemName>שוקולד לבן שוויצרי 100גר</ItemName>
      <ManufacturerName>שוקולד פריי בע"מ</ManufacturerName>
      <ManufactureCountry>CH</ManufactureCountry>
      <ManufacturerItemDescription>שוקולד לבן</ManufacturerItemDescription>
      <UnitQty>גרמים</UnitQty>
      <Quantity>100.00</Quantity>
      <bIsWeighted>0</bIsWeighted>
      <UnitOfMeasure>100 גרם</UnitOfMeasure>
      <QtyInPackage>0</QtyInPackage>
      <ItemPrice>5.60</ItemPrice>
      <UnitOfMeasurePrice>5.60</UnitOfMeasurePrice>
      <AllowDiscount>1</AllowDiscount>
      <ItemStatus>1</ItemStatus>
    </Item>
    <Item>
      <PriceUpdateDate>2023-01-02 08:36</PriceUpdateDate>
      <ItemCode>7296073173199</ItemCode>
      <ItemType>1</ItemType>
      <ItemName>אפונה ירוקה עדינה שופרסל</ItemName>
      <ManufacturerName>שופרסל</ManufacturerName>
      <ManufactureCountry>BE</ManufactureCountry>
      <ManufacturerItemDescription>אפונה עדינה</ManufacturerItemDescription>
      <UnitQty>גרמים</UnitQty>
      <Quantity>600.00</Quantity>
      <bIsWeighted>0</bIsWeighted>
      <UnitOfMeasure>100 גרם</UnitOfMeasure>
      <QtyInPackage>0</QtyInPackage>
      <ItemPrice>17.90</ItemPrice>
      <UnitOfMeasurePrice>2.98</UnitOfMeasurePrice>
      <AllowDiscount>1</AllowDiscount>
      <ItemStatus>1</ItemStatus>
    </Item>
    <Item>
      <PriceUpdateDate>2018-11-19 07:49</PriceUpdateDate>
      <ItemCode>7296073173229</ItemCode>
      <ItemType>1</ItemType>
      <ItemName>שעועית ירוקה חתוכה שופרס</ItemName>
      <ManufacturerName>ARDO</ManufacturerName>
      <ManufactureCountry>BE</ManufactureCountry>
      <ManufacturerItemDescription>שעועית ירוקה</ManufacturerItemDescription>
      <UnitQty>גרמים</UnitQty>
      <Quantity>800.00</Quantity>
      <bIsWeighted>0</bIsWeighted>
      <UnitOfMeasure>100 גרם</UnitOfMeasure>
      <QtyInPackage>0</QtyInPackage>
      <ItemPrice>17.90</ItemPrice>
      <UnitOfMeasurePrice>2.24</UnitOfMeasurePrice>
      <AllowDiscount>1</AllowDiscount>
      <ItemStatus>1</ItemStatus>
    </Item>
    <Item>
      <PriceUpdateDate>2023-03-05 09:04</PriceUpdateDate>
      <ItemCode>7296073173304</ItemCode>
      <ItemType>1</ItemType>
      <ItemName>קמח לאפיית לחם 1 ק"ג</ItemName>
      <ManufacturerName>שופרסל</ManufacturerName>
      <ManufactureCountry>IL</ManufactureCountry>
      <ManufacturerItemDescription>קמח לאפיית לחם</ManufacturerItemDescription>
      <UnitQty>קילוגרמים</UnitQty>
      <Quantity>1.00</Quantity>
      <bIsWeighted>0</bIsWeighted>
      <UnitOfMeasure>ק"ג</UnitOfMeasure>
      <QtyInPackage>0</QtyInPackage>
      <ItemPrice>7.60</ItemPrice>
      <UnitOfMeasurePrice>7.60</UnitOfMeasurePrice>
      <AllowDiscount>1</AllowDiscount>
      <ItemStatus>1</ItemStatus>
    </Item>
    <Item>
      <PriceUpdateDate>2023-03-05 09:04</PriceUpdateDate>
      <ItemCode>7296073180425</ItemCode>
      <ItemType>1</ItemType>
      <ItemName>רוטב פסטה שום+אורגנו350ג</ItemName>
      <ManufacturerName>כללי</ManufacturerName>
      <ManufactureCountry>IT</ManufactureCountry>
      <ManufacturerItemDescription>רוטב לפסטה</ManufacturerItemDescription>
      <UnitQty>גרמים</UnitQty>
      <Quantity>350.00</Quantity>
      <bIsWeighted>0</bIsWeighted>
      <UnitOfMeasure>100 גרם</UnitOfMeasure>
      <QtyInPackage>0</QtyInPackage>
      <ItemPrice>10.00</ItemPrice>
      <UnitOfMeasurePrice>2.86</UnitOfMeasurePrice>
      <AllowDiscount>1</AllowDiscount>
      <ItemStatus>1</ItemStatus>
    </Item>
    <Item>
      <PriceUpdateDate>2023-03-05 09:04</PriceUpdateDate>
      <ItemCode>7296073180432</ItemCode>
      <ItemType>1</ItemType>
      <ItemName>רוטב לפסטה בזיליקום 350ג</ItemName>
      <ManufacturerName>כללי</ManufacturerName>
      <ManufactureCountry>IT</ManufactureCountry>
      <ManufacturerItemDescription>רוטב לפסטה</ManufacturerItemDescription>
      <UnitQty>גרמים</UnitQty>
      <Quantity>350.00</Quantity>
      <bIsWeighted>0</bIsWeighted>
      <UnitOfMeasure>100 גרם</UnitOfMeasure>
      <QtyInPackage>0</QtyInPackage>
      <ItemPrice>10.00</ItemPrice>
      <UnitOfMeasurePrice>2.86</UnitOfMeasurePrice>
      <AllowDiscount>1</AllowDiscount>
      <ItemStatus>1</ItemStatus>
    </Item>
    <Item>
      <PriceUpdateDate>2018-12-11 10:47</PriceUpdateDate>
      <ItemCode>7296073180548</ItemCode>
      <ItemType>1</ItemType>
      <ItemName>אגוזי מלך קלוף טבעי 150ג</ItemName>
      <ManufacturerName>ששון</ManufacturerName>
      <ManufactureCountry>US</ManufactureCountry>
      <ManufacturerItemDescription>א.מלך טבעי קלוף</ManufacturerItemDescription>
      <UnitQty>גרמים</UnitQty>
      <Quantity>150.00</Quantity>
      <bIsWeighted>0</bIsWeighted>
      <UnitOfMeasure>100 גרם</UnitOfMeasure>
      <QtyInPackage>0</QtyInPackage>
      <ItemPrice>13.90</ItemPrice>
      <UnitOfMeasurePrice>9.27</UnitOfMeasurePrice>
      <AllowDiscount>1</AllowDiscount>
      <ItemStatus>1</ItemStatus>
    </Item>
    <Item>
      <PriceUpdateDate>2018-12-28 06:13</PriceUpdateDate>
      <ItemCode>7296073180630</ItemCode>
      <ItemType>1</ItemType>
      <ItemName>מטליות לחות לרצפה 10יח</ItemName>
      <ManufacturerName>טרופיקל דגיל</ManufacturerName>
      <ManufactureCountry>IL</ManufactureCountry>
      <ManufacturerItemDescription>מטליות לחות</ManufacturerItemDescription>
      <UnitQty>יחידה</UnitQty>
      <Quantity>1.00</Quantity>
      <bIsWeighted>0</bIsWeighted>
      <UnitOfMeasure>יחידה</UnitOfMeasure>
      <QtyInPackage>0</QtyInPackage>
      <ItemPrice>10.90</ItemPrice>
      <UnitOfMeasurePrice>10.90</UnitOfMeasurePrice>
      <AllowDiscount>1</AllowDiscount>
      <ItemStatus>1</ItemStatus>
    </Item>
    <Item>
      <PriceUpdateDate>2018-11-19 07:48</PriceUpdateDate>
      <ItemCode>7296073189572</ItemCode>
      <ItemType>1</ItemType>
      <ItemName>פקאן סיני 200גרם שופרסל</ItemName>
      <ManufacturerName>שקרצי</ManufacturerName>
      <ManufactureCountry>IL</ManufactureCountry>
      <ManufacturerItemDescription>פקאן סיני 200גרם</ManufacturerItemDescription>
      <UnitQty>גרמים</UnitQty>
      <Quantity>200.00</Quantity>
      <bIsWeighted>0</bIsWeighted>
      <UnitOfMeasure>100 גרם</UnitOfMeasure>
      <QtyInPackage>0</QtyInPackage>
      <ItemPrice>25.90</ItemPrice>
      <UnitOfMeasurePrice>12.95</UnitOfMeasurePrice>
      <AllowDiscount>1</AllowDiscount>
      <ItemStatus>1</ItemStatus>
    </Item>
    <Item>
      <PriceUpdateDate>2018-11-19 07:48</PriceUpdateDate>
      <ItemCode>7296073189688</ItemCode>
      <ItemType>1</ItemType>
      <ItemName>ג.חמניה קלוף150ג שופרסל</ItemName>
      <ManufacturerName>ששון</ManufacturerName>
      <ManufactureCountry>IL</ManufactureCountry>
      <ManufacturerItemDescription>גרעין חמניה 150ג</ManufacturerItemDescription>
      <UnitQty>גרמים</UnitQty>
      <Quantity>150.00</Quantity>
      <bIsWeighted>0</bIsWeighted>
      <UnitOfMeasure>100 גרם</UnitOfMeasure>
      <QtyInPackage>0</QtyInPackage>
      <ItemPrice>6.80</ItemPrice>
      <UnitOfMeasurePrice>4.53</UnitOfMeasurePrice>
      <AllowDiscount>1</AllowDiscount>
      <ItemStatus>1</ItemStatus>
    </Item>
    <Item>
      <PriceUpdateDate>2023-03-05 09:04</PriceUpdateDate>
      <ItemCode>7296073191261</ItemCode>
      <ItemType>1</ItemType>
      <ItemName>תחתיות ארטישוק שופר390גר</ItemName>
      <ManufacturerName>Raal El Conservas</ManufacturerName>
      <ManufactureCountry>ES</ManufactureCountry>
      <ManufacturerItemDescription>תחתיות ארטישוק</ManufacturerItemDescription>
      <UnitQty>גרמים</UnitQty>
      <Quantity>390.00</Quantity>
      <bIsWeighted>0</bIsWeighted>
      <UnitOfMeasure>100 גרם</UnitOfMeasure>
      <QtyInPackage>0</QtyInPackage>
      <ItemPrice>10.90</ItemPrice>
      <UnitOfMeasurePrice>2.79</UnitOfMeasurePrice>
      <AllowDiscount>1</AllowDiscount>
      <ItemStatus>1</ItemStatus>
    </Item>
    <Item>
      <PriceUpdateDate>2022-12-26 09:25</PriceUpdateDate>
      <ItemCode>7296073192633</ItemCode>
      <ItemType>1</ItemType>
      <ItemName>שעועית לבנה שופרסל 800גר</ItemName>
      <ManufacturerName>פרי גליל</ManufacturerName>
      <ManufactureCountry>IL</ManufactureCountry>
      <ManufacturerItemDescription>שעועית לבנה</ManufacturerItemDescription>
      <UnitQty>גרמים</UnitQty>
      <Quantity>800.00</Quantity>
      <bIsWeighted>0</bIsWeighted>
      <UnitOfMeasure>100 גרם</UnitOfMeasure>
      <QtyInPackage>0</QtyInPackage>
      <ItemPrice>17.90</ItemPrice>
      <UnitOfMeasurePrice>2.24</UnitOfMeasurePrice>
      <AllowDiscount>1</AllowDiscount>
      <ItemStatus>1</ItemStatus>
    </Item>
    <Item>
      <PriceUpdateDate>2018-11-19 07:51</PriceUpdateDate>
      <ItemCode>7296073197461</ItemCode>
      <ItemType>1</ItemType>
      <ItemName>שוקולד חלב 3 יח</ItemName>
      <ManufacturerName />
      <ManufactureCountry>CH</ManufactureCountry>
      <ManufacturerItemDescription>שוקולד חלב 3 יח</ManufacturerItemDescription>
      <UnitQty>גרמים</UnitQty>
      <Quantity>300.00</Quantity>
      <bIsWeighted>0</bIsWeighted>
      <UnitOfMeasure>100 גרם</UnitOfMeasure>
      <QtyInPackage>0</QtyInPackage>
      <ItemPrice>14.90</ItemPrice>
      <UnitOfMeasurePrice>4.97</UnitOfMeasurePrice>
      <AllowDiscount>1</AllowDiscount>
      <ItemStatus>1</ItemStatus>
    </Item>
    <Item>
      <PriceUpdateDate>2018-11-19 07:51</PriceUpdateDate>
      <ItemCode>7296073197478</ItemCode>
      <ItemType>1</ItemType>
      <ItemName>שוקולד מריר שוויצרי100*3</ItemName>
      <ManufacturerName />
      <ManufactureCountry>CH</ManufactureCountry>
      <ManufacturerItemDescription>שוקולד מריר 3 יח</ManufacturerItemDescription>
      <UnitQty>גרמים</UnitQty>
      <Quantity>300.00</Quantity>
      <bIsWeighted>0</bIsWeighted>
      <UnitOfMeasure>100 גרם</UnitOfMeasure>
      <QtyInPackage>0</QtyInPackage>
      <ItemPrice>14.90</ItemPrice>
      <UnitOfMeasurePrice>4.97</UnitOfMeasurePrice>
      <AllowDiscount>1</AllowDiscount>
      <ItemStatus>1</ItemStatus>
    </Item>
    <Item>
      <PriceUpdateDate>2018-11-19 07:51</PriceUpdateDate>
      <ItemCode>7296073201410</ItemCode>
      <ItemType>1</ItemType>
      <ItemName>נודלס רחב להקפצה 400ג</ItemName>
      <ManufacturerName>פרוצ'אמפ</ManufacturerName>
      <ManufactureCountry>CN</ManufactureCountry>
      <ManufacturerItemDescription>נודלס בינוני</ManufacturerItemDescription>
      <UnitQty>גרמים</UnitQty>
      <Quantity>400.00</Quantity>
      <bIsWeighted>0</bIsWeighted>
      <UnitOfMeasure>100 גרם</UnitOfMeasure>
      <QtyInPackage>0</QtyInPackage>
      <ItemPrice>11.50</ItemPrice>
      <UnitOfMeasurePrice>2.88</UnitOfMeasurePrice>
      <AllowDiscount>1</AllowDiscount>
      <ItemStatus>1</ItemStatus>
    </Item>
    <Item>
      <PriceUpdateDate>2018-11-19 07:51</PriceUpdateDate>
      <ItemCode>7296073205081</ItemCode>
      <ItemType>1</ItemType>
      <ItemName>מיונז</ItemName>
      <ManufacturerName />
      <ManufactureCountry>IL</ManufactureCountry>
      <ManufacturerItemDescription>מיונז</ManufacturerItemDescription>
      <UnitQty>גרמים</UnitQty>
      <Quantity>500.00</Quantity>
      <bIsWeighted>0</bIsWeighted>
      <UnitOfMeasure>100 גרם</UnitOfMeasure>
      <QtyInPackage>0</QtyInPackage>
      <ItemPrice>8.90</ItemPrice>
      <UnitOfMeasurePrice>1.78</UnitOfMeasurePrice>
      <AllowDiscount>1</AllowDiscount>
      <ItemStatus>1</ItemStatus>
    </Item>
    <Item>
      <PriceUpdateDate>2020-01-10 06:35</PriceUpdateDate>
      <ItemCode>7296073206682</ItemCode>
      <ItemType>1</ItemType>
      <ItemName>טונה בשמן קנולה 160*4ג</ItemName>
      <ManufacturerName>תעשיות פילטונה בע"מ</ManufacturerName>
      <ManufactureCountry>IL</ManufactureCountry>
      <ManufacturerItemDescription>טונה בשמן 4 יח</ManufacturerItemDescription>
      <UnitQty>גרמים</UnitQty>
      <Quantity>640.00</Quantity>
      <bIsWeighted>0</bIsWeighted>
      <UnitOfMeasure>100 גרם</UnitOfMeasure>
      <QtyInPackage>0</QtyInPackage>
      <ItemPrice>22.90</ItemPrice>
      <UnitOfMeasurePrice>3.58</UnitOfMeasurePrice>
      <AllowDiscount>1</AllowDiscount>
      <ItemStatus>1</ItemStatus>
    </Item>
    <Item>
      <PriceUpdateDate>2021-09-13 09:10</PriceUpdateDate>
      <ItemCode>7296073211624</ItemCode>
      <ItemType>1</ItemType>
      <ItemName>פילה אמנון קפוא</ItemName>
      <ManufacturerName>---</ManufacturerName>
      <ManufactureCountry>CN</ManufactureCountry>
      <ManufacturerItemDescription>פילה אמנון קפוא</ManufacturerItemDescription>
      <UnitQty>קילוגרמים</UnitQty>
      <Quantity>0.00</Quantity>
      <bIsWeighted>1</bIsWeighted>
      <UnitOfMeasure>ק"ג</UnitOfMeasure>
      <QtyInPackage>0</QtyInPackage>
      <ItemPrice>32.90</ItemPrice>
      <UnitOfMeasurePrice>32.90</UnitOfMeasurePrice>
      <AllowDiscount>1</AllowDiscount>
      <ItemStatus>1</ItemStatus>
    </Item>
    <Item>
      <PriceUpdateDate>2022-02-22 08:11</PriceUpdateDate>
      <ItemCode>7296073214137</ItemCode>
      <ItemType>1</ItemType>
      <ItemName>פלחי אפרסק</ItemName>
      <ManufacturerName />
      <ManufactureCountry>CN</ManufactureCountry>
      <ManufacturerItemDescription>פלחי אפרסק</ManufacturerItemDescription>
      <UnitQty>גרמים</UnitQty>
      <Quantity>820.00</Quantity>
      <bIsWeighted>0</bIsWeighted>
      <UnitOfMeasure>100 גרם</UnitOfMeasure>
      <QtyInPackage>0</QtyInPackage>
      <ItemPrice>9.90</ItemPrice>
      <UnitOfMeasurePrice>1.21</UnitOfMeasurePrice>
      <AllowDiscount>1</AllowDiscount>
      <ItemStatus>1</ItemStatus>
    </Item>
    <Item>
      <PriceUpdateDate>2018-11-19 07:51</PriceUpdateDate>
      <ItemCode>7296073215974</ItemCode>
      <ItemType>1</ItemType>
      <ItemName>שום גבישי</ItemName>
      <ManufacturerName />
      <ManufactureCountry>IL</ManufactureCountry>
      <ManufacturerItemDescription>שום גבישי</ManufacturerItemDescription>
      <UnitQty>גרמים</UnitQty>
      <Quantity>120.00</Quantity>
      <bIsWeighted>0</bIsWeighted>
      <UnitOfMeasure>100 גרם</UnitOfMeasure>
      <QtyInPackage>0</QtyInPackage>
      <ItemPrice>12.00</ItemPrice>
      <UnitOfMeasurePrice>10.00</UnitOfMeasurePrice>
      <AllowDiscount>1</AllowDiscount>
      <ItemStatus>1</ItemStatus>
    </Item>
    <Item>
      <PriceUpdateDate>2022-05-26 10:56</PriceUpdateDate>
      <ItemCode>7296073215981</ItemCode>
      <ItemType>1</ItemType>
      <ItemName>אבקת שום</ItemName>
      <ManufacturerName />
      <ManufactureCountry>IL</ManufactureCountry>
      <ManufacturerItemDescription>אבקת שום</ManufacturerItemDescription>
      <UnitQty>גרמים</UnitQty>
      <Quantity>90.00</Quantity>
      <bIsWeighted>0</bIsWeighted>
      <UnitOfMeasure>100 גרם</UnitOfMeasure>
      <QtyInPackage>0</QtyInPackage>
      <ItemPrice>9.50</ItemPrice>
      <UnitOfMeasurePrice>10.56</UnitOfMeasurePrice>
      <AllowDiscount>1</AllowDiscount>
      <ItemStatus>1</ItemStatus>
    </Item>
    <Item>
      <PriceUpdateDate>2022-05-26 10:56</PriceUpdateDate>
      <ItemCode>7296073216278</ItemCode>
      <ItemType>1</ItemType>
      <ItemName>פפריקה מרוקאית</ItemName>
      <ManufacturerName />
      <ManufactureCountry>IL</ManufactureCountry>
      <ManufacturerItemDescription>פפריקה מרוקאית</ManufacturerItemDescription>
      <UnitQty>גרמים</UnitQty>
      <Quantity>90.00</Quantity>
      <bIsWeighted>0</bIsWeighted>
      <UnitOfMeasure>100 גרם</UnitOfMeasure>
      <QtyInPackage>0</QtyInPackage>
      <ItemPrice>9.90</ItemPrice>
      <UnitOfMeasurePrice>11.00</UnitOfMeasurePrice>
      <AllowDiscount>1</AllowDiscount>
      <ItemStatus>1</ItemStatus>
    </Item>
    <Item>
      <PriceUpdateDate>2022-05-26 10:56</PriceUpdateDate>
      <ItemCode>7296073216292</ItemCode>
      <ItemType>1</ItemType>
      <ItemName>פפריקה חריפה</ItemName>
      <ManufacturerName />
      <ManufactureCountry>IL</ManufactureCountry>
      <ManufacturerItemDescription>פפריקה חריפה</ManufacturerItemDescription>
      <UnitQty>גרמים</UnitQty>
      <Quantity>80.00</Quantity>
      <bIsWeighted>0</bIsWeighted>
      <UnitOfMeasure>100 גרם</UnitOfMeasure>
      <QtyInPackage>0</QtyInPackage>
      <ItemPrice>5.90</ItemPrice>
      <UnitOfMeasurePrice>7.38</UnitOfMeasurePrice>
      <AllowDiscount>1</AllowDiscount>
      <ItemStatus>1</ItemStatus>
    </Item>
    <Item>
      <PriceUpdateDate>2022-01-05 07:20</PriceUpdateDate>
      <ItemCode>7296073219118</ItemCode>
      <ItemType>1</ItemType>
      <ItemName>אבקת כביסה</ItemName>
      <ManufacturerName />
      <ManufactureCountry>IL</ManufactureCountry>
      <ManufacturerItemDescription>אבקת כביסה</ManufacturerItemDescription>
      <UnitQty>קילוגרמים</UnitQty>
      <Quantity>2.50</Quantity>
      <bIsWeighted>0</bIsWeighted>
      <UnitOfMeasure>ק"ג</UnitOfMeasure>
      <QtyInPackage>0</QtyInPackage>
      <ItemPrice>24.90</ItemPrice>
      <UnitOfMeasurePrice>9.96</UnitOfMeasurePrice>
      <AllowDiscount>1</AllowDiscount>
      <ItemStatus>1</ItemStatus>
    </Item>
    <Item>
      <PriceUpdateDate>2018-11-19 07:51</PriceUpdateDate>
      <ItemCode>7296073219262</ItemCode>
      <ItemType>1</ItemType>
      <ItemName>קפה טורקי עם הל</ItemName>
      <ManufacturerName />
      <ManufactureCountry>IL</ManufactureCountry>
      <ManufacturerItemDescription>קפה טורקי עם הל</ManufacturerItemDescription>
      <UnitQty>גרמים</UnitQty>
      <Quantity>100.00</Quantity>
      <bIsWeighted>0</bIsWeighted>
      <UnitOfMeasure>100 גרם</UnitOfMeasure>
      <QtyInPackage>0</QtyInPackage>
      <ItemPrice>6.70</ItemPrice>
      <UnitOfMeasurePrice>6.70</UnitOfMeasurePrice>
      <AllowDiscount>1</AllowDiscount>
      <ItemStatus>1</ItemStatus>
    </Item>
    <Item>
      <PriceUpdateDate>2022-05-26 10:56</PriceUpdateDate>
      <ItemCode>7296073219675</ItemCode>
      <ItemType>1</ItemType>
      <ItemName>פלפל שחור גרוס</ItemName>
      <ManufacturerName />
      <ManufactureCountry>IL</ManufactureCountry>
      <ManufacturerItemDescription>פלפל שחור גרוס</ManufacturerItemDescription>
      <UnitQty>גרמים</UnitQty>
      <Quantity>80.00</Quantity>
      <bIsWeighted>0</bIsWeighted>
      <UnitOfMeasure>100 גרם</UnitOfMeasure>
      <QtyInPackage>0</QtyInPackage>
      <ItemPrice>11.90</ItemPrice>
      <UnitOfMeasurePrice>14.88</UnitOfMeasurePrice>
      <AllowDiscount>1</AllowDiscount>
      <ItemStatus>1</ItemStatus>
    </Item>
    <Item>
      <PriceUpdateDate>2023-03-05 09:04</PriceUpdateDate>
      <ItemCode>7296073219897</ItemCode>
      <ItemType>1</ItemType>
      <ItemName>פודינג וניל</ItemName>
      <ManufacturerName />
      <ManufactureCountry>IL</ManufactureCountry>
      <ManufacturerItemDescription>פודינג וניל</ManufacturerItemDescription>
      <UnitQty>גרמים</UnitQty>
      <Quantity>80.00</Quantity>
      <bIsWeighted>0</bIsWeighted>
      <UnitOfMeasure>100 גרם</UnitOfMeasure>
      <QtyInPackage>0</QtyInPackage>
      <ItemPrice>5.70</ItemPrice>
      <UnitOfMeasurePrice>7.13</UnitOfMeasurePrice>
      <AllowDiscount>1</AllowDiscount>
      <ItemStatus>1</ItemStatus>
    </Item>
    <Item>
      <PriceUpdateDate>2018-11-19 07:51</PriceUpdateDate>
      <ItemCode>7296073219941</ItemCode>
      <ItemType>1</ItemType>
      <ItemName>חטיף דגנים שוקו+שוק23*6ג</ItemName>
      <ManufacturerName>back and Snack</ManufacturerName>
      <ManufactureCountry>AT</ManufactureCountry>
      <ManufacturerItemDescription>חטיף דגנים</ManufacturerItemDescription>
      <UnitQty>גרמים</UnitQty>
      <Quantity>138.00</Quantity>
      <bIsWeighted>0</bIsWeighted>
      <UnitOfMeasure>100 גרם</UnitOfMeasure>
      <QtyInPackage>0</QtyInPackage>
      <ItemPrice>10.90</ItemPrice>
      <UnitOfMeasurePrice>7.90</UnitOfMeasurePrice>
      <AllowDiscount>1</AllowDiscount>
      <ItemStatus>1</ItemStatus>
    </Item>
    <Item>
      <PriceUpdateDate>2022-07-15 08:43</PriceUpdateDate>
      <ItemCode>7296073220275</ItemCode>
      <ItemType>1</ItemType>
      <ItemName>ופלים בטעם שוקולד 500 גר</ItemName>
      <ManufacturerName>מנעמים תעשיות מזון בע"\מ</ManufacturerName>
      <ManufactureCountry>IL</ManufactureCountry>
      <ManufacturerItemDescription>ופל טעם שוקולד</ManufacturerItemDescription>
      <UnitQty>גרמים</UnitQty>
      <Quantity>500.00</Quantity>
      <bIsWeighted>0</bIsWeighted>
      <UnitOfMeasure>100 גרם</UnitOfMeasure>
      <QtyInPackage>0</QtyInPackage>
      <ItemPrice>11.90</ItemPrice>
      <UnitOfMeasurePrice>2.38</UnitOfMeasurePrice>
      <AllowDiscount>1</AllowDiscount>
      <ItemStatus>1</ItemStatus>
    </Item>
    <Item>
      <PriceUpdateDate>2023-02-12 13:38</PriceUpdateDate>
      <ItemCode>7296073221319</ItemCode>
      <ItemType>1</ItemType>
      <ItemName>כף קרם 100 יח,' 2 גרם</ItemName>
      <ManufacturerName>כללי</ManufacturerName>
      <ManufactureCountry>IL</ManufactureCountry>
      <ManufacturerItemDescription>כפות חד פעמיות</ManufacturerItemDescription>
      <UnitQty>יחידה</UnitQty>
      <Quantity>1.00</Quantity>
      <bIsWeighted>0</bIsWeighted>
      <UnitOfMeasure>יחידה</UnitOfMeasure>
      <QtyInPackage>0</QtyInPackage>
      <ItemPrice>10.90</ItemPrice>
      <UnitOfMeasurePrice>10.90</UnitOfMeasurePrice>
      <AllowDiscount>1</AllowDiscount>
      <ItemStatus>1</ItemStatus>
    </Item>
    <Item>
      <PriceUpdateDate>2023-02-12 13:38</PriceUpdateDate>
      <ItemCode>7296073221326</ItemCode>
      <ItemType>1</ItemType>
      <ItemName>כפית קרם 100 יח,' 1.4גרם</ItemName>
      <ManufacturerName>כללי</ManufacturerName>
      <ManufactureCountry>TR</ManufactureCountry>
      <ManufacturerItemDescription>מארז כפיות ח"פ</ManufacturerItemDescription>
      <UnitQty>יחידה</UnitQty>
      <Quantity>1.00</Quantity>
      <bIsWeighted>0</bIsWeighted>
      <UnitOfMeasure>יחידה</UnitOfMeasure>
      <QtyInPackage>0</QtyInPackage>
      <ItemPrice>10.90</ItemPrice>
      <UnitOfMeasurePrice>10.90</UnitOfMeasurePrice>
      <AllowDiscount>1</AllowDiscount>
      <ItemStatus>1</ItemStatus>
    </Item>
    <Item>
      <PriceUpdateDate>2023-02-12 13:38</PriceUpdateDate>
      <ItemCode>7296073221340</ItemCode>
      <ItemType>1</ItemType>
      <ItemName>סכין קרם 100 יח,' 2 גרם</ItemName>
      <ManufacturerName>כללי</ManufacturerName>
      <ManufactureCountry>IL</ManufactureCountry>
      <ManufacturerItemDescription>סכינים עבים קרם</ManufacturerItemDescription>
      <UnitQty>יחידה</UnitQty>
      <Quantity>1.00</Quantity>
      <bIsWeighted>0</bIsWeighted>
      <UnitOfMeasure>יחידה</UnitOfMeasure>
      <QtyInPackage>0</QtyInPackage>
      <ItemPrice>10.90</ItemPrice>
      <UnitOfMeasurePrice>10.90</UnitOfMeasurePrice>
      <AllowDiscount>1</AllowDiscount>
      <ItemStatus>1</ItemStatus>
    </Item>
    <Item>
      <PriceUpdateDate>2023-01-19 18:58</PriceUpdateDate>
      <ItemCode>7296073222200</ItemCode>
      <ItemType>1</ItemType>
      <ItemName>פסטרמה הודו על גחלים שופ</ItemName>
      <ManufacturerName>---</ManufacturerName>
      <ManufactureCountry>IL</ManufactureCountry>
      <ManufacturerItemDescription>פסטרמה הודו</ManufacturerItemDescription>
      <UnitQty>גרמים</UnitQty>
      <Quantity>300.00</Quantity>
      <bIsWeighted>0</bIsWeighted>
      <UnitOfMeasure>100 גרם</UnitOfMeasure>
      <QtyInPackage>0</QtyInPackage>
      <ItemPrice>24.90</ItemPrice>
      <UnitOfMeasurePrice>8.30</UnitOfMeasurePrice>
      <AllowDiscount>1</AllowDiscount>
      <ItemStatus>1</ItemStatus>
    </Item>
    <Item>
      <PriceUpdateDate>2023-01-19 18:58</PriceUpdateDate>
      <ItemCode>7296073222231</ItemCode>
      <ItemType>1</ItemType>
      <ItemName>פסטרמה בדבש דק דק 140 גר</ItemName>
      <ManufacturerName>---</ManufacturerName>
      <ManufactureCountry>IL</ManufactureCountry>
      <ManufacturerItemDescription>פסטרמה בדבש</ManufacturerItemDescription>
      <UnitQty>גרמים</UnitQty>
      <Quantity>140.00</Quantity>
      <bIsWeighted>0</bIsWeighted>
      <UnitOfMeasure>100 גרם</UnitOfMeasure>
      <QtyInPackage>0</QtyInPackage>
      <ItemPrice>12.90</ItemPrice>
      <UnitOfMeasurePrice>9.21</UnitOfMeasurePrice>
      <AllowDiscount>1</AllowDiscount>
      <ItemStatus>1</ItemStatus>
    </Item>
    <Item>
      <PriceUpdateDate>2023-03-31 07:45</PriceUpdateDate>
      <ItemCode>7296073222255</ItemCode>
      <ItemType>1</ItemType>
      <ItemName>סלמי מעושן שופרסל 400 גר</ItemName>
      <ManufacturerName>מעדני יחיעם</ManufacturerName>
      <ManufactureCountry>IL</ManufactureCountry>
      <ManufacturerItemDescription>סלמי מעושן</ManufacturerItemDescription>
      <UnitQty>גרמים</UnitQty>
      <Quantity>400.00</Quantity>
      <bIsWeighted>0</bIsWeighted>
      <UnitOfMeasure>100 גרם</UnitOfMeasure>
      <QtyInPackage>0</QtyInPackage>
      <ItemPrice>21.90</ItemPrice>
      <UnitOfMeasurePrice>5.48</UnitOfMeasurePrice>
      <AllowDiscount>1</AllowDiscount>
      <ItemStatus>1</ItemStatus>
    </Item>
    <Item>
      <PriceUpdateDate>2023-02-21 09:36</PriceUpdateDate>
      <ItemCode>7296073223009</ItemCode>
      <ItemType>1</ItemType>
      <ItemName>שמן זית</ItemName>
      <ManufacturerName />
      <ManufactureCountry>IT</ManufactureCountry>
      <ManufacturerItemDescription>שמן זית</ManufacturerItemDescription>
      <UnitQty>מיליליטרים</UnitQty>
      <Quantity>750.00</Quantity>
      <bIsWeighted>0</bIsWeighted>
      <UnitOfMeasure>100 מ"ל</UnitOfMeasure>
      <QtyInPackage>0</QtyInPackage>
      <ItemPrice>31.90</ItemPrice>
      <UnitOfMeasurePrice>4.25</UnitOfMeasurePrice>
      <AllowDiscount>1</AllowDiscount>
      <ItemStatus>1</ItemStatus>
    </Item>
    <Item>
      <PriceUpdateDate>2023-01-24 12:34</PriceUpdateDate>
      <ItemCode>7296073223993</ItemCode>
      <ItemType>1</ItemType>
      <ItemName>מזון חתולים</ItemName>
      <ManufacturerName />
      <ManufactureCountry>FR</ManufactureCountry>
      <ManufacturerItemDescription>מזון חתולים</ManufacturerItemDescription>
      <UnitQty>גרמים</UnitQty>
      <Quantity>400.00</Quantity>
      <bIsWeighted>0</bIsWeighted>
      <UnitOfMeasure>100 גרם</UnitOfMeasure>
      <QtyInPackage>0</QtyInPackage>
      <ItemPrice>5.50</ItemPrice>
      <UnitOfMeasurePrice>1.38</UnitOfMeasurePrice>
      <AllowDiscount>1</AllowDiscount>
      <ItemStatus>1</ItemStatus>
    </Item>
    <Item>
      <PriceUpdateDate>2023-01-24 12:34</PriceUpdateDate>
      <ItemCode>7296073224013</ItemCode>
      <ItemType>1</ItemType>
      <ItemName>מזון חתולים</ItemName>
      <ManufacturerName />
      <ManufactureCountry>FR</ManufactureCountry>
      <ManufacturerItemDescription>מזון חתולים</ManufacturerItemDescription>
      <UnitQty>גרמים</UnitQty>
      <Quantity>400.00</Quantity>
      <bIsWeighted>0</bIsWeighted>
      <UnitOfMeasure>100 גרם</UnitOfMeasure>
      <QtyInPackage>0</QtyInPackage>
      <ItemPrice>5.50</ItemPrice>
      <UnitOfMeasurePrice>1.38</UnitOfMeasurePrice>
      <AllowDiscount>1</AllowDiscount>
      <ItemStatus>1</ItemStatus>
    </Item>
    <Item>
      <PriceUpdateDate>2023-01-27 11:42</PriceUpdateDate>
      <ItemCode>7296073224037</ItemCode>
      <ItemType>1</ItemType>
      <ItemName>מזון כלבים</ItemName>
      <ManufacturerName />
      <ManufactureCountry>FR</ManufactureCountry>
      <ManufacturerItemDescription>מזון כלבים</ManufacturerItemDescription>
      <UnitQty>גרמים</UnitQty>
      <Quantity>400.00</Quantity>
      <bIsWeighted>0</bIsWeighted>
      <UnitOfMeasure>100 גרם</UnitOfMeasure>
      <QtyInPackage>0</QtyInPackage>
      <ItemPrice>5.50</ItemPrice>
      <UnitOfMeasurePrice>1.38</UnitOfMeasurePrice>
      <AllowDiscount>1</AllowDiscount>
      <ItemStatus>1</ItemStatus>
    </Item>
    <Item>
      <PriceUpdateDate>2023-01-27 11:42</PriceUpdateDate>
      <ItemCode>7296073224044</ItemCode>
      <ItemType>1</ItemType>
      <ItemName>מזון לכלב</ItemName>
      <ManufacturerName />
      <ManufactureCountry>FR</ManufactureCountry>
      <ManufacturerItemDescription>מזון לכלב</ManufacturerItemDescription>
      <UnitQty>גרמים</UnitQty>
      <Quantity>400.00</Quantity>
      <bIsWeighted>0</bIsWeighted>
      <UnitOfMeasure>100 גרם</UnitOfMeasure>
      <QtyInPackage>0</QtyInPackage>
      <ItemPrice>5.50</ItemPrice>
      <UnitOfMeasurePrice>1.38</UnitOfMeasurePrice>
      <AllowDiscount>1</AllowDiscount>
      <ItemStatus>1</ItemStatus>
    </Item>
    <Item>
      <PriceUpdateDate>2023-01-27 11:42</PriceUpdateDate>
      <ItemCode>7296073224051</ItemCode>
      <ItemType>1</ItemType>
      <ItemName>מזון כלבים</ItemName>
      <ManufacturerName />
      <ManufactureCountry>FR</ManufactureCountry>
      <ManufacturerItemDescription>מזון כלבים</ManufacturerItemDescription>
      <UnitQty>גרמים</UnitQty>
      <Quantity>400.00</Quantity>
      <bIsWeighted>0</bIsWeighted>
      <UnitOfMeasure>100 גרם</UnitOfMeasure>
      <QtyInPackage>0</QtyInPackage>
      <ItemPrice>5.50</ItemPrice>
      <UnitOfMeasurePrice>1.38</UnitOfMeasurePrice>
      <AllowDiscount>1</AllowDiscount>
      <ItemStatus>1</ItemStatus>
    </Item>
    <Item>
      <PriceUpdateDate>2021-04-20 07:47</PriceUpdateDate>
      <ItemCode>7296073224457</ItemCode>
      <ItemType>1</ItemType>
      <ItemName>כוסמת אורגנית</ItemName>
      <ManufacturerName />
      <ManufactureCountry>IL</ManufactureCountry>
      <ManufacturerItemDescription>כוסמת אורגנית</ManufacturerItemDescription>
      <UnitQty>גרמים</UnitQty>
      <Quantity>500.00</Quantity>
      <bIsWeighted>0</bIsWeighted>
      <UnitOfMeasure>100 גרם</UnitOfMeasure>
      <QtyInPackage>0</QtyInPackage>
      <ItemPrice>9.90</ItemPrice>
      <UnitOfMeasurePrice>1.98</UnitOfMeasurePrice>
      <AllowDiscount>1</AllowDiscount>
      <ItemStatus>1</ItemStatus>
    </Item>
    <Item>
      <PriceUpdateDate>2021-06-09 13:37</PriceUpdateDate>
      <ItemCode>7296073224594</ItemCode>
      <ItemType>1</ItemType>
      <ItemName>סלט חציל במיונז שופר400ג</ItemName>
      <ManufacturerName>סלטי שמיר</ManufacturerName>
      <ManufactureCountry>IL</ManufactureCountry>
      <ManufacturerItemDescription>סלט חצילים מיונז</ManufacturerItemDescription>
      <UnitQty>גרמים</UnitQty>
      <Quantity>400.00</Quantity>
      <bIsWeighted>0</bIsWeighted>
      <UnitOfMeasure>100 גרם</UnitOfMeasure>
      <QtyInPackage>0</QtyInPackage>
      <ItemPrice>11.90</ItemPrice>
      <UnitOfMeasurePrice>2.98</UnitOfMeasurePrice>
      <AllowDiscount>1</AllowDiscount>
      <ItemStatus>1</ItemStatus>
    </Item>
    <Item>
      <PriceUpdateDate>2021-03-02 07:24</PriceUpdateDate>
      <ItemCode>7296073224600</ItemCode>
      <ItemType>1</ItemType>
      <ItemName>חומוס שופרסל 1 ק"ג</ItemName>
      <ManufacturerName>סלטי שמיר</ManufacturerName>
      <ManufactureCountry>IL</ManufactureCountry>
      <ManufacturerItemDescription>סלט חומוס</ManufacturerItemDescription>
      <UnitQty>קילוגרמים</UnitQty>
      <Quantity>1.00</Quantity>
      <bIsWeighted>0</bIsWeighted>
      <UnitOfMeasure>ק"ג</UnitOfMeasure>
      <QtyInPackage>0</QtyInPackage>
      <ItemPrice>13.90</ItemPrice>
      <UnitOfMeasurePrice>13.90</UnitOfMeasurePrice>
      <AllowDiscount>1</AllowDiscount>
      <ItemStatus>1</ItemStatus>
    </Item>
    <Item>
      <PriceUpdateDate>2022-05-03 10:09</PriceUpdateDate>
      <ItemCode>7296073224891</ItemCode>
      <ItemType>1</ItemType>
      <ItemName>אפונה ירוקה קפואה שופרסל</ItemName>
      <ManufacturerName>---</ManufacturerName>
      <ManufactureCountry>BE</ManufactureCountry>
      <ManufacturerItemDescription>אפונה ירוקה</ManufacturerItemDescription>
      <UnitQty>גרמים</UnitQty>
      <Quantity>800.00</Quantity>
      <bIsWeighted>0</bIsWeighted>
      <UnitOfMeasure>100 גרם</UnitOfMeasure>
      <QtyInPackage>0</QtyInPackage>
      <ItemPrice>16.90</ItemPrice>
      <UnitOfMeasurePrice>2.11</UnitOfMeasurePrice>
      <AllowDiscount>1</AllowDiscount>
      <ItemStatus>1</ItemStatus>
    </Item>
    <Item>
      <PriceUpdateDate>2021-06-09 13:37</PriceUpdateDate>
      <ItemCode>7296073225744</ItemCode>
      <ItemType>1</ItemType>
      <ItemName>חצילים על האש שופרסל400ג</ItemName>
      <ManufacturerName>סלטי שמיר</ManufacturerName>
      <ManufactureCountry>IL</ManufactureCountry>
      <ManufacturerItemDescription>סלט חצילים</ManufacturerItemDescription>
      <UnitQty>גרמים</UnitQty>
      <Quantity>400.00</Quantity>
      <bIsWeighted>0</bIsWeighted>
      <UnitOfMeasure>100 גרם</UnitOfMeasure>
      <QtyInPackage>0</QtyInPackage>
      <ItemPrice>11.90</ItemPrice>
      <UnitOfMeasurePrice>2.98</UnitOfMeasurePrice>
      <AllowDiscount>1</AllowDiscount>
      <ItemStatus>1</ItemStatus>
    </Item>
    <Item>
      <PriceUpdateDate>2021-06-09 13:37</PriceUpdateDate>
      <ItemCode>7296073225775</ItemCode>
      <ItemType>1</ItemType>
      <ItemName>רצועות סלק שופרסל 400גרם</ItemName>
      <ManufacturerName>סלטי שמיר</ManufacturerName>
      <ManufactureCountry>IL</ManufactureCountry>
      <ManufacturerItemDescription>סלט סלק שופרסל</ManufacturerItemDescription>
      <UnitQty>גרמים</UnitQty>
      <Quantity>400.00</Quantity>
      <bIsWeighted>0</bIsWeighted>
      <UnitOfMeasure>100 גרם</UnitOfMeasure>
      <QtyInPackage>0</QtyInPackage>
      <ItemPrice>11.90</ItemPrice>
      <UnitOfMeasurePrice>2.98</UnitOfMeasurePrice>
      <AllowDiscount>1</AllowDiscount>
      <ItemStatus>1</ItemStatus>
    </Item>
    <Item>
      <PriceUpdateDate>2021-06-09 13:37</PriceUpdateDate>
      <ItemCode>7296073226970</ItemCode>
      <ItemType>1</ItemType>
      <ItemName>סלט חומוס+טחינה שופר400ג</ItemName>
      <ManufacturerName>סלטי שמיר</ManufacturerName>
      <ManufactureCountry>IL</ManufactureCountry>
      <ManufacturerItemDescription>חומוס עם טחינה</ManufacturerItemDescription>
      <UnitQty>גרמים</UnitQty>
      <Quantity>400.00</Quantity>
      <bIsWeighted>0</bIsWeighted>
      <UnitOfMeasure>100 גרם</UnitOfMeasure>
      <QtyInPackage>0</QtyInPackage>
      <ItemPrice>11.90</ItemPrice>
      <UnitOfMeasurePrice>2.98</UnitOfMeasurePrice>
      <AllowDiscount>1</AllowDiscount>
      <ItemStatus>1</ItemStatus>
    </Item>
    <Item>
      <PriceUpdateDate>2021-06-09 13:37</PriceUpdateDate>
      <ItemCode>7296073226987</ItemCode>
      <ItemType>1</ItemType>
      <ItemName>סלט חומוס+מסבחה שופר400ג</ItemName>
      <ManufacturerName>סלטי שמיר</ManufacturerName>
      <ManufactureCountry>IL</ManufactureCountry>
      <ManufacturerItemDescription>חומוס עם מסבחה</ManufacturerItemDescription>
      <UnitQty>גרמים</UnitQty>
      <Quantity>400.00</Quantity>
      <bIsWeighted>0</bIsWeighted>
      <UnitOfMeasure>100 גרם</UnitOfMeasure>
      <QtyInPackage>0</QtyInPackage>
      <ItemPrice>11.90</ItemPrice>
      <UnitOfMeasurePrice>2.98</UnitOfMeasurePrice>
      <AllowDiscount>1</AllowDiscount>
      <ItemStatus>1</ItemStatus>
    </Item>
    <Item>
      <PriceUpdateDate>2023-03-05 09:04</PriceUpdateDate>
      <ItemCode>7296073230632</ItemCode>
      <ItemType>1</ItemType>
      <ItemName>דגני טבעות דבש 500 גרם</ItemName>
      <ManufacturerName>UAB FOODS CERERA</ManufacturerName>
      <ManufactureCountry>LT</ManufactureCountry>
      <ManufacturerItemDescription>טבעות דבש</ManufacturerItemDescription>
      <UnitQty>גרמים</UnitQty>
      <Quantity>500.00</Quantity>
      <bIsWeighted>0</bIsWeighted>
      <UnitOfMeasure>100 גרם</UnitOfMeasure>
      <QtyInPackage>0</QtyInPackage>
      <ItemPrice>14.90</ItemPrice>
      <UnitOfMeasurePrice>2.98</UnitOfMeasurePrice>
      <AllowDiscount>1</AllowDiscount>
      <ItemStatus>1</ItemStatus>
    </Item>
    <Item>
      <PriceUpdateDate>2018-11-19 07:51</PriceUpdateDate>
      <ItemCode>7296073230885</ItemCode>
      <ItemType>1</ItemType>
      <ItemName>גלילי ופל במלוי אגוז100ג</ItemName>
      <ManufacturerName>מנעמים תעשיות מזון בע"\מ</ManufacturerName>
      <ManufactureCountry>IL</ManufactureCountry>
      <ManufacturerItemDescription>גלילי וופל</ManufacturerItemDescription>
      <UnitQty>גרמים</UnitQty>
      <Quantity>100.00</Quantity>
      <bIsWeighted>0</bIsWeighted>
      <UnitOfMeasure>100 גרם</UnitOfMeasure>
      <QtyInPackage>1</QtyInPackage>
      <ItemPrice>5.90</ItemPrice>
      <UnitOfMeasurePrice>5.90</UnitOfMeasurePrice>
      <AllowDiscount>1</AllowDiscount>
      <ItemStatus>1</ItemStatus>
    </Item>
    <Item>
      <PriceUpdateDate>2022-04-19 08:03</PriceUpdateDate>
      <ItemCode>7296073236603</ItemCode>
      <ItemType>1</ItemType>
      <ItemName>שמנת לבישול 15% 250 מ"ל</ItemName>
      <ManufacturerName>מחלבת רמת-הגולן</ManufacturerName>
      <ManufactureCountry>IL</ManufactureCountry>
      <ManufacturerItemDescription>שמנת לבישול 15%</ManufacturerItemDescription>
      <UnitQty>מיליליטרים</UnitQty>
      <Quantity>250.00</Quantity>
      <bIsWeighted>0</bIsWeighted>
      <UnitOfMeasure>100 מ"ל</UnitOfMeasure>
      <QtyInPackage>1</QtyInPackage>
      <ItemPrice>7.40</ItemPrice>
      <UnitOfMeasurePrice>2.96</UnitOfMeasurePrice>
      <AllowDiscount>1</AllowDiscount>
      <ItemStatus>1</ItemStatus>
    </Item>
    <Item>
      <PriceUpdateDate>2021-10-26 06:29</PriceUpdateDate>
      <ItemCode>7296073236931</ItemCode>
      <ItemType>1</ItemType>
      <ItemName>קליונז מופחת שומן</ItemName>
      <ManufacturerName>מיטב</ManufacturerName>
      <ManufactureCountry>IL</ManufactureCountry>
      <ManufacturerItemDescription>קליונז</ManufacturerItemDescription>
      <UnitQty>גרמים</UnitQty>
      <Quantity>500.00</Quantity>
      <bIsWeighted>0</bIsWeighted>
      <UnitOfMeasure>100 גרם</UnitOfMeasure>
      <QtyInPackage>1</QtyInPackage>
      <ItemPrice>9.90</ItemPrice>
      <UnitOfMeasurePrice>1.98</UnitOfMeasurePrice>
      <AllowDiscount>1</AllowDiscount>
      <ItemStatus>1</ItemStatus>
    </Item>
    <Item>
      <PriceUpdateDate>2021-10-12 17:48</PriceUpdateDate>
      <ItemCode>7296073237525</ItemCode>
      <ItemType>1</ItemType>
      <ItemName>לפתן פירות מעורבים820 גר</ItemName>
      <ManufacturerName>CANNED QIWWEI LINYI</ManufacturerName>
      <ManufactureCountry>CN</ManufactureCountry>
      <ManufacturerItemDescription>לפתן פירות</ManufacturerItemDescription>
      <UnitQty>גרמים</UnitQty>
      <Quantity>820.00</Quantity>
      <bIsWeighted>0</bIsWeighted>
      <UnitOfMeasure>100 גרם</UnitOfMeasure>
      <QtyInPackage>1</QtyInPackage>
      <ItemPrice>9.90</ItemPrice>
      <UnitOfMeasurePrice>1.21</UnitOfMeasurePrice>
      <AllowDiscount>1</AllowDiscount>
      <ItemStatus>1</ItemStatus>
    </Item>
    <Item>
      <PriceUpdateDate>2023-01-24 12:31</PriceUpdateDate>
      <ItemCode>7296073237631</ItemCode>
      <ItemType>1</ItemType>
      <ItemName>שוקולד מריר פרימיום 81%</ItemName>
      <ManufacturerName>פריי )שוקולד(</ManufacturerName>
      <ManufactureCountry>CH</ManufactureCountry>
      <ManufacturerItemDescription>שוקולד מריר 81%</ManufacturerItemDescription>
      <UnitQty>גרמים</UnitQty>
      <Quantity>100.00</Quantity>
      <bIsWeighted>0</bIsWeighted>
      <UnitOfMeasure>100 גרם</UnitOfMeasure>
      <QtyInPackage>1</QtyInPackage>
      <ItemPrice>9.50</ItemPrice>
      <UnitOfMeasurePrice>9.50</UnitOfMeasurePrice>
      <AllowDiscount>1</AllowDiscount>
      <ItemStatus>1</ItemStatus>
    </Item>
    <Item>
      <PriceUpdateDate>2023-01-24 12:31</PriceUpdateDate>
      <ItemCode>7296073237655</ItemCode>
      <ItemType>1</ItemType>
      <ItemName>שוק.מריר 72% קקאו 100 גר</ItemName>
      <ManufacturerName>שוקולד פריי בע"מ</ManufacturerName>
      <ManufactureCountry>CH</ManufactureCountry>
      <ManufacturerItemDescription>שוקולד מריר 72%</ManufacturerItemDescription>
      <UnitQty>גרמים</UnitQty>
      <Quantity>100.00</Quantity>
      <bIsWeighted>0</bIsWeighted>
      <UnitOfMeasure>100 גרם</UnitOfMeasure>
      <QtyInPackage>1</QtyInPackage>
      <ItemPrice>9.50</ItemPrice>
      <UnitOfMeasurePrice>9.50</UnitOfMeasurePrice>
      <AllowDiscount>1</AllowDiscount>
      <ItemStatus>1</ItemStatus>
    </Item>
    <Item>
      <PriceUpdateDate>2023-02-07 10:09</PriceUpdateDate>
      <ItemCode>7296073239956</ItemCode>
      <ItemType>1</ItemType>
      <ItemName>כוס שתיה חמה אספרסו120מל</ItemName>
      <ManufacturerName>---</ManufacturerName>
      <ManufactureCountry>CN</ManufactureCountry>
      <ManufacturerItemDescription>כוסות שתיה חמה</ManufacturerItemDescription>
      <UnitQty>יחידה</UnitQty>
      <Quantity>1.00</Quantity>
      <bIsWeighted>0</bIsWeighted>
      <UnitOfMeasure>יחידה</UnitOfMeasure>
      <QtyInPackage>1</QtyInPackage>
      <ItemPrice>7.90</ItemPrice>
      <UnitOfMeasurePrice>7.90</UnitOfMeasurePrice>
      <AllowDiscount>1</AllowDiscount>
      <ItemStatus>1</ItemStatus>
    </Item>
    <Item>
      <PriceUpdateDate>2022-05-10 09:42</PriceUpdateDate>
      <ItemCode>7296073243342</ItemCode>
      <ItemType>1</ItemType>
      <ItemName>עוג.במילוי וניל ל.ג300ג</ItemName>
      <ManufacturerName>קופרנט פיינבק ג'י אם בי</ManufacturerName>
      <ManufactureCountry>DE</ManufactureCountry>
      <ManufacturerItemDescription>עוגיות וניל</ManufacturerItemDescription>
      <UnitQty>גרמים</UnitQty>
      <Quantity>300.00</Quantity>
      <bIsWeighted>0</bIsWeighted>
      <UnitOfMeasure>100 גרם</UnitOfMeasure>
      <QtyInPackage>1</QtyInPackage>
      <ItemPrice>15.90</ItemPrice>
      <UnitOfMeasurePrice>5.30</UnitOfMeasurePrice>
      <AllowDiscount>1</AllowDiscount>
      <ItemStatus>1</ItemStatus>
    </Item>
    <Item>
      <PriceUpdateDate>2018-11-19 07:52</PriceUpdateDate>
      <ItemCode>7296073254256</ItemCode>
      <ItemType>1</ItemType>
      <ItemName>ערמונים אורגניים גרין100</ItemName>
      <ManufacturerName>CO FOODS LIYUAN HEBEI</ManufacturerName>
      <ManufactureCountry>CN</ManufactureCountry>
      <ManufacturerItemDescription>ערמונים אורגניים</ManufacturerItemDescription>
      <UnitQty>גרמים</UnitQty>
      <Quantity>100.00</Quantity>
      <bIsWeighted>0</bIsWeighted>
      <UnitOfMeasure>100 גרם</UnitOfMeasure>
      <QtyInPackage>1</QtyInPackage>
      <ItemPrice>8.90</ItemPrice>
      <UnitOfMeasurePrice>8.90</UnitOfMeasurePrice>
      <AllowDiscount>1</AllowDiscount>
      <ItemStatus>1</ItemStatus>
    </Item>
    <Item>
      <PriceUpdateDate>2023-01-31 12:18</PriceUpdateDate>
      <ItemCode>7296073254263</ItemCode>
      <ItemType>1</ItemType>
      <ItemName>מיני פיצה מרגריטה  6יח</ItemName>
      <ManufacturerName>שופרסל</ManufacturerName>
      <ManufactureCountry>IT</ManufactureCountry>
      <ManufacturerItemDescription>פיצות אישיות</ManufacturerItemDescription>
      <UnitQty>גרמים</UnitQty>
      <Quantity>480.00</Quantity>
      <bIsWeighted>0</bIsWeighted>
      <UnitOfMeasure>100 גרם</UnitOfMeasure>
      <QtyInPackage>1</QtyInPackage>
      <ItemPrice>24.90</ItemPrice>
      <UnitOfMeasurePrice>5.19</UnitOfMeasurePrice>
      <AllowDiscount>1</AllowDiscount>
      <ItemStatus>1</ItemStatus>
    </Item>
    <Item>
      <PriceUpdateDate>2018-11-19 07:53</PriceUpdateDate>
      <ItemCode>7296073261162</ItemCode>
      <ItemType>1</ItemType>
      <ItemName>300 קסמי אוזניים פלסטיק</ItemName>
      <ManufacturerName>PRODUC UES DAILY JIEYANG</ManufacturerName>
      <ManufactureCountry>CN</ManufactureCountry>
      <ManufacturerItemDescription>קסמי אוזניים</ManufacturerItemDescription>
      <UnitQty>יחידה</UnitQty>
      <Quantity>1.00</Quantity>
      <bIsWeighted>0</bIsWeighted>
      <UnitOfMeasure>יחידה</UnitOfMeasure>
      <QtyInPackage>1</QtyInPackage>
      <ItemPrice>9.50</ItemPrice>
      <UnitOfMeasurePrice>9.50</UnitOfMeasurePrice>
      <AllowDiscount>1</AllowDiscount>
      <ItemStatus>1</ItemStatus>
    </Item>
    <Item>
      <PriceUpdateDate>2018-11-19 07:53</PriceUpdateDate>
      <ItemCode>7296073261384</ItemCode>
      <ItemType>1</ItemType>
      <ItemName>אל סבון  מעורב 500*3 מ"ל</ItemName>
      <ManufacturerName>טאהא קימיה</ManufacturerName>
      <ManufactureCountry>TR</ManufactureCountry>
      <ManufacturerItemDescription>אל סבון נוזלי3יח</ManufacturerItemDescription>
      <UnitQty>ליטרים</UnitQty>
      <Quantity>1.50</Quantity>
      <bIsWeighted>0</bIsWeighted>
      <UnitOfMeasure>ליטר</UnitOfMeasure>
      <QtyInPackage>1</QtyInPackage>
      <ItemPrice>12.90</ItemPrice>
      <UnitOfMeasurePrice>8.60</UnitOfMeasurePrice>
      <AllowDiscount>1</AllowDiscount>
      <ItemStatus>1</ItemStatus>
    </Item>
    <Item>
      <PriceUpdateDate>2023-04-11 04:20</PriceUpdateDate>
      <ItemCode>7296073265375</ItemCode>
      <ItemType>1</ItemType>
      <ItemName>פוזילי ללא גלוטן</ItemName>
      <ManufacturerName>SPA MENNUCCI PASTIFICI</ManufacturerName>
      <ManufactureCountry>IT</ManufactureCountry>
      <ManufacturerItemDescription>פוזילי ללא גלוטן</ManufacturerItemDescription>
      <UnitQty>גרמים</UnitQty>
      <Quantity>400.00</Quantity>
      <bIsWeighted>0</bIsWeighted>
      <UnitOfMeasure>100 גרם</UnitOfMeasure>
      <QtyInPackage>1</QtyInPackage>
      <ItemPrice>10.00</ItemPrice>
      <UnitOfMeasurePrice>2.50</UnitOfMeasurePrice>
      <AllowDiscount>1</AllowDiscount>
      <ItemStatus>1</ItemStatus>
    </Item>
    <Item>
      <PriceUpdateDate>2021-05-28 14:15</PriceUpdateDate>
      <ItemCode>7296073270317</ItemCode>
      <ItemType>1</ItemType>
      <ItemName>תבנית אלומיניום עגולה 7</ItemName>
      <ManufacturerName>כללי</ManufacturerName>
      <ManufactureCountry>IL</ManufactureCountry>
      <ManufacturerItemDescription>תבניות עגולות</ManufacturerItemDescription>
      <UnitQty>יחידה</UnitQty>
      <Quantity>1.00</Quantity>
      <bIsWeighted>0</bIsWeighted>
      <UnitOfMeasure>יחידה</UnitOfMeasure>
      <QtyInPackage>1</QtyInPackage>
      <ItemPrice>14.90</ItemPrice>
      <UnitOfMeasurePrice>14.90</UnitOfMeasurePrice>
      <AllowDiscount>1</AllowDiscount>
      <ItemStatus>1</ItemStatus>
    </Item>
    <Item>
      <PriceUpdateDate>2023-04-13 14:35</PriceUpdateDate>
      <ItemCode>7296073270980</ItemCode>
      <ItemType>1</ItemType>
      <ItemName>ופל בטעם לימון ללת"ס200ג</ItemName>
      <ManufacturerName>מנעמים</ManufacturerName>
      <ManufactureCountry>IL</ManufactureCountry>
      <ManufacturerItemDescription>ופל לימון ללת"ס</ManufacturerItemDescription>
      <UnitQty>גרמים</UnitQty>
      <Quantity>200.00</Quantity>
      <bIsWeighted>0</bIsWeighted>
      <UnitOfMeasure>100 גרם</UnitOfMeasure>
      <QtyInPackage>1</QtyInPackage>
      <ItemPrice>9.50</ItemPrice>
      <UnitOfMeasurePrice>4.75</UnitOfMeasurePrice>
      <AllowDiscount>1</AllowDiscount>
      <ItemStatus>1</ItemStatus>
    </Item>
    <Item>
      <PriceUpdateDate>2022-03-09 10:18</PriceUpdateDate>
      <ItemCode>7296073271567</ItemCode>
      <ItemType>1</ItemType>
      <ItemName>טפנד זיתים ירוקים 190 גר</ItemName>
      <ManufacturerName>SPA POLLI F.LLI</ManufacturerName>
      <ManufactureCountry>IT</ManufactureCountry>
      <ManufacturerItemDescription>טפנד זיתים ירוק</ManufacturerItemDescription>
      <UnitQty>גרמים</UnitQty>
      <Quantity>190.00</Quantity>
      <bIsWeighted>0</bIsWeighted>
      <UnitOfMeasure>100 גרם</UnitOfMeasure>
      <QtyInPackage>1</QtyInPackage>
      <ItemPrice>12.90</ItemPrice>
      <UnitOfMeasurePrice>6.79</UnitOfMeasurePrice>
      <AllowDiscount>1</AllowDiscount>
      <ItemStatus>1</ItemStatus>
    </Item>
    <Item>
      <PriceUpdateDate>2018-11-19 07:53</PriceUpdateDate>
      <ItemCode>7296073273738</ItemCode>
      <ItemType>1</ItemType>
      <ItemName>אטבי כביסה שופרסל 48 יח'</ItemName>
      <ManufacturerName>---</ManufacturerName>
      <ManufactureCountry>CN</ManufactureCountry>
      <ManufacturerItemDescription>אטבי כביסה</ManufacturerItemDescription>
      <UnitQty>יחידה</UnitQty>
      <Quantity>1.00</Quantity>
      <bIsWeighted>0</bIsWeighted>
      <UnitOfMeasure>יחידה</UnitOfMeasure>
      <QtyInPackage>1</QtyInPackage>
      <ItemPrice>14.90</ItemPrice>
      <UnitOfMeasurePrice>14.90</UnitOfMeasurePrice>
      <AllowDiscount>1</AllowDiscount>
      <ItemStatus>1</ItemStatus>
    </Item>
    <Item>
      <PriceUpdateDate>2021-04-19 07:13</PriceUpdateDate>
      <ItemCode>7296073273851</ItemCode>
      <ItemType>1</ItemType>
      <ItemName>סט 2 מפות אל בד מודפס270</ItemName>
      <ManufacturerName>כללי</ManufacturerName>
      <ManufactureCountry>CN</ManufactureCountry>
      <ManufacturerItemDescription>מפות אל בד</ManufacturerItemDescription>
      <UnitQty>יחידה</UnitQty>
      <Quantity>1.00</Quantity>
      <bIsWeighted>0</bIsWeighted>
      <UnitOfMeasure>יחידה</UnitOfMeasure>
      <QtyInPackage>1</QtyInPackage>
      <ItemPrice>14.90</ItemPrice>
      <UnitOfMeasurePrice>14.90</UnitOfMeasurePrice>
      <AllowDiscount>1</AllowDiscount>
      <ItemStatus>1</ItemStatus>
    </Item>
    <Item>
      <PriceUpdateDate>2023-04-11 05:10</PriceUpdateDate>
      <ItemCode>7296073277255</ItemCode>
      <ItemType>1</ItemType>
      <ItemName>מארז מגבונים לחים 6 יח</ItemName>
      <ManufacturerName>דינמיק</ManufacturerName>
      <ManufactureCountry>IL</ManufactureCountry>
      <ManufacturerItemDescription>מארז מגבוניםלחים</ManufacturerItemDescription>
      <UnitQty>יחידה</UnitQty>
      <Quantity>1.00</Quantity>
      <bIsWeighted>0</bIsWeighted>
      <UnitOfMeasure>יחידה</UnitOfMeasure>
      <QtyInPackage>1</QtyInPackage>
      <ItemPrice>19.90</ItemPrice>
      <UnitOfMeasurePrice>19.90</UnitOfMeasurePrice>
      <AllowDiscount>1</AllowDiscount>
      <ItemStatus>1</ItemStatus>
    </Item>
    <Item>
      <PriceUpdateDate>2022-07-24 05:54</PriceUpdateDate>
      <ItemCode>7296073286011</ItemCode>
      <ItemType>1</ItemType>
      <ItemName>אורז פרסי זיפר שופרסל1קג</ItemName>
      <ManufacturerName>ltd co produce Uthai</ManufacturerName>
      <ManufactureCountry>TH</ManufactureCountry>
      <ManufacturerItemDescription>אורז פרסי</ManufacturerItemDescription>
      <UnitQty>קילוגרמים</UnitQty>
      <Quantity>1.00</Quantity>
      <bIsWeighted>0</bIsWeighted>
      <UnitOfMeasure>ק"ג</UnitOfMeasure>
      <QtyInPackage>1</QtyInPackage>
      <ItemPrice>7.90</ItemPrice>
      <UnitOfMeasurePrice>7.90</UnitOfMeasurePrice>
      <AllowDiscount>1</AllowDiscount>
      <ItemStatus>1</ItemStatus>
    </Item>
    <Item>
      <PriceUpdateDate>2019-04-18 06:22</PriceUpdateDate>
      <ItemCode>7296073286042</ItemCode>
      <ItemType>1</ItemType>
      <ItemName>אורז יסמין זיפר שופרסל1ק</ItemName>
      <ManufacturerName>ltd co produce Uthai</ManufacturerName>
      <ManufactureCountry>TH</ManufactureCountry>
      <ManufacturerItemDescription>אורז יסמין</ManufacturerItemDescription>
      <UnitQty>קילוגרמים</UnitQty>
      <Quantity>1.00</Quantity>
      <bIsWeighted>0</bIsWeighted>
      <UnitOfMeasure>ק"ג</UnitOfMeasure>
      <QtyInPackage>1</QtyInPackage>
      <ItemPrice>10.90</ItemPrice>
      <UnitOfMeasurePrice>10.90</UnitOfMeasurePrice>
      <AllowDiscount>1</AllowDiscount>
      <ItemStatus>1</ItemStatus>
    </Item>
    <Item>
      <PriceUpdateDate>2018-11-19 07:51</PriceUpdateDate>
      <ItemCode>7296073286066</ItemCode>
      <ItemType>1</ItemType>
      <ItemName>אורז בסמטי זיפר שופרסל1ק</ItemName>
      <ManufacturerName>SETIA LAL CHAMAN</ManufacturerName>
      <ManufactureCountry>IN</ManufactureCountry>
      <ManufacturerItemDescription>אורז בסמטי</ManufacturerItemDescription>
      <UnitQty>קילוגרמים</UnitQty>
      <Quantity>1.00</Quantity>
      <bIsWeighted>0</bIsWeighted>
      <UnitOfMeasure>ק"ג</UnitOfMeasure>
      <QtyInPackage>1</QtyInPackage>
      <ItemPrice>13.90</ItemPrice>
      <UnitOfMeasurePrice>13.90</UnitOfMeasurePrice>
      <AllowDiscount>1</AllowDiscount>
      <ItemStatus>1</ItemStatus>
    </Item>
    <Item>
      <PriceUpdateDate>2018-11-19 07:51</PriceUpdateDate>
      <ItemCode>7296073286073</ItemCode>
      <ItemType>1</ItemType>
      <ItemName>אורז בסמטי בצנצנת 1 ק"ג</ItemName>
      <ManufacturerName>SETIA LAL CHAMAN</ManufacturerName>
      <ManufactureCountry>IN</ManufactureCountry>
      <ManufacturerItemDescription>אורז בסמטי</ManufacturerItemDescription>
      <UnitQty>קילוגרמים</UnitQty>
      <Quantity>1.00</Quantity>
      <bIsWeighted>0</bIsWeighted>
      <UnitOfMeasure>ק"ג</UnitOfMeasure>
      <QtyInPackage>1</QtyInPackage>
      <ItemPrice>14.90</ItemPrice>
      <UnitOfMeasurePrice>14.90</UnitOfMeasurePrice>
      <AllowDiscount>1</AllowDiscount>
      <ItemStatus>1</ItemStatus>
    </Item>
    <Item>
      <PriceUpdateDate>2021-05-05 08:01</PriceUpdateDate>
      <ItemCode>7296073286363</ItemCode>
      <ItemType>1</ItemType>
      <ItemName>שקית ענקית לאשפה משרדית</ItemName>
      <ManufacturerName>אשפלסט</ManufacturerName>
      <ManufactureCountry>IL</ManufactureCountry>
      <ManufacturerItemDescription>שקיות אשפה</ManufacturerItemDescription>
      <UnitQty>יחידה</UnitQty>
      <Quantity>1.00</Quantity>
      <bIsWeighted>0</bIsWeighted>
      <UnitOfMeasure>יחידה</UnitOfMeasure>
      <QtyInPackage>1</QtyInPackage>
      <ItemPrice>14.90</ItemPrice>
      <UnitOfMeasurePrice>14.90</UnitOfMeasurePrice>
      <AllowDiscount>1</AllowDiscount>
      <ItemStatus>1</ItemStatus>
    </Item>
    <Item>
      <PriceUpdateDate>2023-02-12 13:41</PriceUpdateDate>
      <ItemCode>7296073286417</ItemCode>
      <ItemType>1</ItemType>
      <ItemName>שק.אשפה חזקות גדולות60יח</ItemName>
      <ManufacturerName>אשפלסט</ManufacturerName>
      <ManufactureCountry>IL</ManufactureCountry>
      <ManufacturerItemDescription>שקיות אשפה 60 יח</ManufacturerItemDescription>
      <UnitQty>יחידה</UnitQty>
      <Quantity>1.00</Quantity>
      <bIsWeighted>0</bIsWeighted>
      <UnitOfMeasure>יחידה</UnitOfMeasure>
      <QtyInPackage>1</QtyInPackage>
      <ItemPrice>18.90</ItemPrice>
      <UnitOfMeasurePrice>18.90</UnitOfMeasurePrice>
      <AllowDiscount>1</AllowDiscount>
      <ItemStatus>1</ItemStatus>
    </Item>
    <Item>
      <PriceUpdateDate>2018-11-19 07:53</PriceUpdateDate>
      <ItemCode>7296073289746</ItemCode>
      <ItemType>1</ItemType>
      <ItemName>50 מגבונים לניקוי כללי</ItemName>
      <ManufacturerName>דינמיק תעשיות מגבונים</ManufacturerName>
      <ManufactureCountry>IL</ManufactureCountry>
      <ManufacturerItemDescription>מגבונים לניקוי</ManufacturerItemDescription>
      <UnitQty>יחידה</UnitQty>
      <Quantity>1.00</Quantity>
      <bIsWeighted>0</bIsWeighted>
      <UnitOfMeasure>יחידה</UnitOfMeasure>
      <QtyInPackage>1</QtyInPackage>
      <ItemPrice>9.90</ItemPrice>
      <UnitOfMeasurePrice>9.90</UnitOfMeasurePrice>
      <AllowDiscount>1</AllowDiscount>
      <ItemStatus>1</ItemStatus>
    </Item>
    <Item>
      <PriceUpdateDate>2018-11-19 07:51</PriceUpdateDate>
      <ItemCode>7296073290803</ItemCode>
      <ItemType>1</ItemType>
      <ItemName>חציל קלוי על האש 650 גרם</ItemName>
      <ManufacturerName>בלו גלו</ManufacturerName>
      <ManufactureCountry>TR</ManufactureCountry>
      <ManufacturerItemDescription>חציל קלוי</ManufacturerItemDescription>
      <UnitQty>גרמים</UnitQty>
      <Quantity>650.00</Quantity>
      <bIsWeighted>0</bIsWeighted>
      <UnitOfMeasure>100 גרם</UnitOfMeasure>
      <QtyInPackage>1</QtyInPackage>
      <ItemPrice>11.90</ItemPrice>
      <UnitOfMeasurePrice>1.83</UnitOfMeasurePrice>
      <AllowDiscount>1</AllowDiscount>
      <ItemStatus>1</ItemStatus>
    </Item>
    <Item>
      <PriceUpdateDate>2018-11-19 07:51</PriceUpdateDate>
      <ItemCode>7296073290810</ItemCode>
      <ItemType>1</ItemType>
      <ItemName>פלפל אדום קלוי על האש650</ItemName>
      <ManufacturerName>בלו גלו</ManufacturerName>
      <ManufactureCountry>TR</ManufactureCountry>
      <ManufacturerItemDescription>פלפל אדום קלוי</ManufacturerItemDescription>
      <UnitQty>גרמים</UnitQty>
      <Quantity>650.00</Quantity>
      <bIsWeighted>0</bIsWeighted>
      <UnitOfMeasure>100 גרם</UnitOfMeasure>
      <QtyInPackage>1</QtyInPackage>
      <ItemPrice>11.90</ItemPrice>
      <UnitOfMeasurePrice>1.83</UnitOfMeasurePrice>
      <AllowDiscount>1</AllowDiscount>
      <ItemStatus>1</ItemStatus>
    </Item>
    <Item>
      <PriceUpdateDate>2023-03-05 09:04</PriceUpdateDate>
      <ItemCode>7296073290858</ItemCode>
      <ItemType>1</ItemType>
      <ItemName>קרם קוקוס שופרסל 400 מ"ל</ItemName>
      <ManufacturerName>COCONUT THAI</ManufacturerName>
      <ManufactureCountry>TH</ManufactureCountry>
      <ManufacturerItemDescription>קרם קוקוס</ManufacturerItemDescription>
      <UnitQty>מיליליטרים</UnitQty>
      <Quantity>400.00</Quantity>
      <bIsWeighted>0</bIsWeighted>
      <UnitOfMeasure>100 מ"ל</UnitOfMeasure>
      <QtyInPackage>1</QtyInPackage>
      <ItemPrice>7.60</ItemPrice>
      <UnitOfMeasurePrice>1.90</UnitOfMeasurePrice>
      <AllowDiscount>1</AllowDiscount>
      <ItemStatus>1</ItemStatus>
    </Item>
    <Item>
      <PriceUpdateDate>2023-03-05 09:04</PriceUpdateDate>
      <ItemCode>7296073296744</ItemCode>
      <ItemType>1</ItemType>
      <ItemName>שמרים יבשים 500 גרם</ItemName>
      <ManufacturerName>---</ManufacturerName>
      <ManufactureCountry>TR</ManufactureCountry>
      <ManufacturerItemDescription>שמרים יבשים</ManufacturerItemDescription>
      <UnitQty>גרמים</UnitQty>
      <Quantity>500.00</Quantity>
      <bIsWeighted>0</bIsWeighted>
      <UnitOfMeasure>100 גרם</UnitOfMeasure>
      <QtyInPackage>1</QtyInPackage>
      <ItemPrice>16.50</ItemPrice>
      <UnitOfMeasurePrice>3.30</UnitOfMeasurePrice>
      <AllowDiscount>1</AllowDiscount>
      <ItemStatus>1</ItemStatus>
    </Item>
    <Item>
      <PriceUpdateDate>2022-02-17 08:47</PriceUpdateDate>
      <ItemCode>7296073320395</ItemCode>
      <ItemType>1</ItemType>
      <ItemName>עלי תרד בייבי 200גרם</ItemName>
      <ManufacturerName>---</ManufacturerName>
      <ManufactureCountry>IL</ManufactureCountry>
      <ManufacturerItemDescription>עלי תרד בייבי</ManufacturerItemDescription>
      <UnitQty>גרמים</UnitQty>
      <Quantity>200.00</Quantity>
      <bIsWeighted>0</bIsWeighted>
      <UnitOfMeasure>100 גרם</UnitOfMeasure>
      <QtyInPackage>1</QtyInPackage>
      <ItemPrice>10.90</ItemPrice>
      <UnitOfMeasurePrice>5.45</UnitOfMeasurePrice>
      <AllowDiscount>1</AllowDiscount>
      <ItemStatus>1</ItemStatus>
    </Item>
    <Item>
      <PriceUpdateDate>2023-01-24 12:30</PriceUpdateDate>
      <ItemCode>7296073323655</ItemCode>
      <ItemType>1</ItemType>
      <ItemName>פריפלצת מחית תפוח בננ120</ItemName>
      <ManufacturerName>גו פרוסלבה</ManufacturerName>
      <ManufactureCountry>ES</ManufactureCountry>
      <ManufacturerItemDescription>מחית פירות</ManufacturerItemDescription>
      <UnitQty>גרמים</UnitQty>
      <Quantity>120.00</Quantity>
      <bIsWeighted>0</bIsWeighted>
      <UnitOfMeasure>100 גרם</UnitOfMeasure>
      <QtyInPackage>1</QtyInPackage>
      <ItemPrice>3.70</ItemPrice>
      <UnitOfMeasurePrice>3.08</UnitOfMeasurePrice>
      <AllowDiscount>1</AllowDiscount>
      <ItemStatus>1</ItemStatus>
    </Item>
    <Item>
      <PriceUpdateDate>2023-01-19 18:58</PriceUpdateDate>
      <ItemCode>7296073342915</ItemCode>
      <ItemType>1</ItemType>
      <ItemName>פרושוטו בקר 80 גרם</ItemName>
      <ManufacturerName>מעדני יחיעם</ManufacturerName>
      <ManufactureCountry>IL</ManufactureCountry>
      <ManufacturerItemDescription>פרושוטו 80גרם</ManufacturerItemDescription>
      <UnitQty>גרמים</UnitQty>
      <Quantity>80.00</Quantity>
      <bIsWeighted>0</bIsWeighted>
      <UnitOfMeasure>100 גרם</UnitOfMeasure>
      <QtyInPackage>1</QtyInPackage>
      <ItemPrice>19.90</ItemPrice>
      <UnitOfMeasurePrice>24.88</UnitOfMeasurePrice>
      <AllowDiscount>1</AllowDiscount>
      <ItemStatus>1</ItemStatus>
    </Item>
    <Item>
      <PriceUpdateDate>2023-01-19 18:58</PriceUpdateDate>
      <ItemCode>7296073342922</ItemCode>
      <ItemType>1</ItemType>
      <ItemName>קורנביף 120 גרם</ItemName>
      <ManufacturerName>---</ManufacturerName>
      <ManufactureCountry>IL</ManufactureCountry>
      <ManufacturerItemDescription>קורנביף 120גרם</ManufacturerItemDescription>
      <UnitQty>גרמים</UnitQty>
      <Quantity>120.00</Quantity>
      <bIsWeighted>0</bIsWeighted>
      <UnitOfMeasure>100 גרם</UnitOfMeasure>
      <QtyInPackage>1</QtyInPackage>
      <ItemPrice>18.90</ItemPrice>
      <UnitOfMeasurePrice>15.75</UnitOfMeasurePrice>
      <AllowDiscount>1</AllowDiscount>
      <ItemStatus>1</ItemStatus>
    </Item>
    <Item>
      <PriceUpdateDate>2023-03-31 07:45</PriceUpdateDate>
      <ItemCode>7296073342946</ItemCode>
      <ItemType>1</ItemType>
      <ItemName>סלמי סרוולט 120גרם</ItemName>
      <ManufacturerName>מעדני יחיעם</ManufacturerName>
      <ManufactureCountry>IL</ManufactureCountry>
      <ManufacturerItemDescription>סלמי סרוולט</ManufacturerItemDescription>
      <UnitQty>גרמים</UnitQty>
      <Quantity>120.00</Quantity>
      <bIsWeighted>0</bIsWeighted>
      <UnitOfMeasure>100 גרם</UnitOfMeasure>
      <QtyInPackage>1</QtyInPackage>
      <ItemPrice>21.90</ItemPrice>
      <UnitOfMeasurePrice>18.25</UnitOfMeasurePrice>
      <AllowDiscount>1</AllowDiscount>
      <ItemStatus>1</ItemStatus>
    </Item>
    <Item>
      <PriceUpdateDate>2022-03-18 06:50</PriceUpdateDate>
      <ItemCode>7296073346777</ItemCode>
      <ItemType>1</ItemType>
      <ItemName>שקיות רב שימושיות 300 יח</ItemName>
      <ManufacturerName>אשפלסט</ManufacturerName>
      <ManufactureCountry>IL</ManufactureCountry>
      <ManufacturerItemDescription>שקיות רב שימושי</ManufacturerItemDescription>
      <UnitQty>יחידה</UnitQty>
      <Quantity>1.00</Quantity>
      <bIsWeighted>0</bIsWeighted>
      <UnitOfMeasure>יחידה</UnitOfMeasure>
      <QtyInPackage>1</QtyInPackage>
      <ItemPrice>13.50</ItemPrice>
      <UnitOfMeasurePrice>13.50</UnitOfMeasurePrice>
      <AllowDiscount>1</AllowDiscount>
      <ItemStatus>1</ItemStatus>
    </Item>
    <Item>
      <PriceUpdateDate>2019-04-02 11:28</PriceUpdateDate>
      <ItemCode>7296073347453</ItemCode>
      <ItemType>1</ItemType>
      <ItemName>פטרוזליה יחידה</ItemName>
      <ManufacturerName>תנובות לכיש</ManufacturerName>
      <ManufactureCountry>IL</ManufactureCountry>
      <ManufacturerItemDescription>פטרוזליה</ManufacturerItemDescription>
      <UnitQty>יחידה</UnitQty>
      <Quantity>1.00</Quantity>
      <bIsWeighted>0</bIsWeighted>
      <UnitOfMeasure>יחידה</UnitOfMeasure>
      <QtyInPackage>1</QtyInPackage>
      <ItemPrice>4.90</ItemPrice>
      <UnitOfMeasurePrice>4.90</UnitOfMeasurePrice>
      <AllowDiscount>1</AllowDiscount>
      <ItemStatus>1</ItemStatus>
    </Item>
    <Item>
      <PriceUpdateDate>2019-04-02 11:28</PriceUpdateDate>
      <ItemCode>7296073347460</ItemCode>
      <ItemType>1</ItemType>
      <ItemName>שמיר יחידה</ItemName>
      <ManufacturerName>תנובות לכיש</ManufacturerName>
      <ManufactureCountry>IL</ManufactureCountry>
      <ManufacturerItemDescription>שמיר</ManufacturerItemDescription>
      <UnitQty>יחידה</UnitQty>
      <Quantity>1.00</Quantity>
      <bIsWeighted>0</bIsWeighted>
      <UnitOfMeasure>יחידה</UnitOfMeasure>
      <QtyInPackage>1</QtyInPackage>
      <ItemPrice>4.90</ItemPrice>
      <UnitOfMeasurePrice>4.90</UnitOfMeasurePrice>
      <AllowDiscount>1</AllowDiscount>
      <ItemStatus>1</ItemStatus>
    </Item>
    <Item>
      <PriceUpdateDate>2019-04-02 11:28</PriceUpdateDate>
      <ItemCode>7296073347477</ItemCode>
      <ItemType>1</ItemType>
      <ItemName>כוסברה</ItemName>
      <ManufacturerName>תנובות לכיש</ManufacturerName>
      <ManufactureCountry>IL</ManufactureCountry>
      <ManufacturerItemDescription>כוסברה</ManufacturerItemDescription>
      <UnitQty>יחידה</UnitQty>
      <Quantity>1.00</Quantity>
      <bIsWeighted>0</bIsWeighted>
      <UnitOfMeasure>יחידה</UnitOfMeasure>
      <QtyInPackage>1</QtyInPackage>
      <ItemPrice>4.90</ItemPrice>
      <UnitOfMeasurePrice>4.90</UnitOfMeasurePrice>
      <AllowDiscount>1</AllowDiscount>
      <ItemStatus>1</ItemStatus>
    </Item>
    <Item>
      <PriceUpdateDate>2019-04-02 11:28</PriceUpdateDate>
      <ItemCode>7296073347484</ItemCode>
      <ItemType>1</ItemType>
      <ItemName>נענע</ItemName>
      <ManufacturerName>תנובות לכיש</ManufacturerName>
      <ManufactureCountry>IL</ManufactureCountry>
      <ManufacturerItemDescription>נענע</ManufacturerItemDescription>
      <UnitQty>יחידה</UnitQty>
      <Quantity>1.00</Quantity>
      <bIsWeighted>0</bIsWeighted>
      <UnitOfMeasure>יחידה</UnitOfMeasure>
      <QtyInPackage>1</QtyInPackage>
      <ItemPrice>4.90</ItemPrice>
      <UnitOfMeasurePrice>4.90</UnitOfMeasurePrice>
      <AllowDiscount>1</AllowDiscount>
      <ItemStatus>1</ItemStatus>
    </Item>
    <Item>
      <PriceUpdateDate>2021-07-13 08:18</PriceUpdateDate>
      <ItemCode>7296073348214</ItemCode>
      <ItemType>1</ItemType>
      <ItemName>מטהר אויר ורוד 350מל</ItemName>
      <ManufacturerName>סאסאטק</ManufacturerName>
      <ManufactureCountry>IL</ManufactureCountry>
      <ManufacturerItemDescription>מטהר אויר נ.גז</ManufacturerItemDescription>
      <UnitQty>מיליליטרים</UnitQty>
      <Quantity>350.00</Quantity>
      <bIsWeighted>0</bIsWeighted>
      <UnitOfMeasure>100 מ"ל</UnitOfMeasure>
      <QtyInPackage>1</QtyInPackage>
      <ItemPrice>11.90</ItemPrice>
      <UnitOfMeasurePrice>3.40</UnitOfMeasurePrice>
      <AllowDiscount>1</AllowDiscount>
      <ItemStatus>1</ItemStatus>
    </Item>
    <Item>
      <PriceUpdateDate>2021-07-13 08:18</PriceUpdateDate>
      <ItemCode>7296073348238</ItemCode>
      <ItemType>1</ItemType>
      <ItemName>מטהר אויר נטול גז לבנדר</ItemName>
      <ManufacturerName>סאסאטק</ManufacturerName>
      <ManufactureCountry>IL</ManufactureCountry>
      <ManufacturerItemDescription>מטהר אויר נ.גז</ManufacturerItemDescription>
      <UnitQty>מיליליטרים</UnitQty>
      <Quantity>350.00</Quantity>
      <bIsWeighted>0</bIsWeighted>
      <UnitOfMeasure>100 מ"ל</UnitOfMeasure>
      <QtyInPackage>1</QtyInPackage>
      <ItemPrice>11.90</ItemPrice>
      <UnitOfMeasurePrice>3.40</UnitOfMeasurePrice>
      <AllowDiscount>1</AllowDiscount>
      <ItemStatus>1</ItemStatus>
    </Item>
    <Item>
      <PriceUpdateDate>2021-01-03 07:22</PriceUpdateDate>
      <ItemCode>7296073352822</ItemCode>
      <ItemType>1</ItemType>
      <ItemName>מפיות דו שכבתי 50 יחידות</ItemName>
      <ManufacturerName>---</ManufacturerName>
      <ManufactureCountry>IL</ManufactureCountry>
      <ManufacturerItemDescription>מפיות אירוח</ManufacturerItemDescription>
      <UnitQty>יחידה</UnitQty>
      <Quantity>1.00</Quantity>
      <bIsWeighted>0</bIsWeighted>
      <UnitOfMeasure>יחידה</UnitOfMeasure>
      <QtyInPackage>1</QtyInPackage>
      <ItemPrice>7.90</ItemPrice>
      <UnitOfMeasurePrice>7.90</UnitOfMeasurePrice>
      <AllowDiscount>1</AllowDiscount>
      <ItemStatus>1</ItemStatus>
    </Item>
    <Item>
      <PriceUpdateDate>2021-07-06 08:25</PriceUpdateDate>
      <ItemCode>7296073352846</ItemCode>
      <ItemType>1</ItemType>
      <ItemName>מפיות חד שכבתי 100 יח,'</ItemName>
      <ManufacturerName>כללי</ManufacturerName>
      <ManufactureCountry>IL</ManufactureCountry>
      <ManufacturerItemDescription>מפיות</ManufacturerItemDescription>
      <UnitQty>יחידה</UnitQty>
      <Quantity>1.00</Quantity>
      <bIsWeighted>0</bIsWeighted>
      <UnitOfMeasure>יחידה</UnitOfMeasure>
      <QtyInPackage>1</QtyInPackage>
      <ItemPrice>7.90</ItemPrice>
      <UnitOfMeasurePrice>7.90</UnitOfMeasurePrice>
      <AllowDiscount>1</AllowDiscount>
      <ItemStatus>1</ItemStatus>
    </Item>
    <Item>
      <PriceUpdateDate>2019-01-25 06:30</PriceUpdateDate>
      <ItemCode>7296073352853</ItemCode>
      <ItemType>1</ItemType>
      <ItemName>מפיות לבן 150יחידות</ItemName>
      <ManufacturerName>כללי</ManufacturerName>
      <ManufactureCountry>IL</ManufactureCountry>
      <ManufacturerItemDescription>מפיות חד שכבתי</ManufacturerItemDescription>
      <UnitQty>יחידה</UnitQty>
      <Quantity>1.00</Quantity>
      <bIsWeighted>0</bIsWeighted>
      <UnitOfMeasure>יחידה</UnitOfMeasure>
      <QtyInPackage>1</QtyInPackage>
      <ItemPrice>7.90</ItemPrice>
      <UnitOfMeasurePrice>7.90</UnitOfMeasurePrice>
      <AllowDiscount>1</AllowDiscount>
      <ItemStatus>1</ItemStatus>
    </Item>
    <Item>
      <PriceUpdateDate>2018-12-28 05:39</PriceUpdateDate>
      <ItemCode>7296073359234</ItemCode>
      <ItemType>1</ItemType>
      <ItemName>גרעיני תירס מתוק 340 גרם</ItemName>
      <ManufacturerName>---</ManufacturerName>
      <ManufactureCountry>HU</ManufactureCountry>
      <ManufacturerItemDescription>גרעיני תירס מתוק</ManufacturerItemDescription>
      <UnitQty>גרמים</UnitQty>
      <Quantity>340.00</Quantity>
      <bIsWeighted>0</bIsWeighted>
      <UnitOfMeasure>100 גרם</UnitOfMeasure>
      <QtyInPackage>1</QtyInPackage>
      <ItemPrice>5.90</ItemPrice>
      <UnitOfMeasurePrice>1.74</UnitOfMeasurePrice>
      <AllowDiscount>1</AllowDiscount>
      <ItemStatus>1</ItemStatus>
    </Item>
    <Item>
      <PriceUpdateDate>2021-11-02 09:29</PriceUpdateDate>
      <ItemCode>7296073361442</ItemCode>
      <ItemType>1</ItemType>
      <ItemName>מטליות היגיניות רב"ש 5יח</ItemName>
      <ManufacturerName>נועם אורים</ManufacturerName>
      <ManufactureCountry>IL</ManufactureCountry>
      <ManufacturerItemDescription>מטלית הגיניות</ManufacturerItemDescription>
      <UnitQty>יחידה</UnitQty>
      <Quantity>1.00</Quantity>
      <bIsWeighted>0</bIsWeighted>
      <UnitOfMeasure>יחידה</UnitOfMeasure>
      <QtyInPackage>1</QtyInPackage>
      <ItemPrice>11.90</ItemPrice>
      <UnitOfMeasurePrice>11.90</UnitOfMeasurePrice>
      <AllowDiscount>1</AllowDiscount>
      <ItemStatus>1</ItemStatus>
    </Item>
    <Item>
      <PriceUpdateDate>2019-05-10 08:36</PriceUpdateDate>
      <ItemCode>7296073362746</ItemCode>
      <ItemType>1</ItemType>
      <ItemName>חמאת בוטנים שב.בוטנים510</ItemName>
      <ManufacturerName>---</ManufacturerName>
      <ManufactureCountry>IN</ManufactureCountry>
      <ManufacturerItemDescription>חמאת בוטנים</ManufacturerItemDescription>
      <UnitQty>גרמים</UnitQty>
      <Quantity>510.00</Quantity>
      <bIsWeighted>0</bIsWeighted>
      <UnitOfMeasure>100 גרם</UnitOfMeasure>
      <QtyInPackage>1</QtyInPackage>
      <ItemPrice>14.90</ItemPrice>
      <UnitOfMeasurePrice>2.92</UnitOfMeasurePrice>
      <AllowDiscount>1</AllowDiscount>
      <ItemStatus>1</ItemStatus>
    </Item>
    <Item>
      <PriceUpdateDate>2019-04-02 11:28</PriceUpdateDate>
      <ItemCode>7296073362777</ItemCode>
      <ItemType>1</ItemType>
      <ItemName>סלרי עלים</ItemName>
      <ManufacturerName>תנובות לכיש</ManufacturerName>
      <ManufactureCountry>IL</ManufactureCountry>
      <ManufacturerItemDescription>סלרי עלים</ManufacturerItemDescription>
      <UnitQty>יחידה</UnitQty>
      <Quantity>1.00</Quantity>
      <bIsWeighted>0</bIsWeighted>
      <UnitOfMeasure>יחידה</UnitOfMeasure>
      <QtyInPackage>1</QtyInPackage>
      <ItemPrice>6.90</ItemPrice>
      <UnitOfMeasurePrice>6.90</UnitOfMeasurePrice>
      <AllowDiscount>1</AllowDiscount>
      <ItemStatus>1</ItemStatus>
    </Item>
    <Item>
      <PriceUpdateDate>2023-03-05 09:04</PriceUpdateDate>
      <ItemCode>7296073362944</ItemCode>
      <ItemType>1</ItemType>
      <ItemName>אבקת אפיה שופרסל 10*10 י</ItemName>
      <ManufacturerName>---</ManufacturerName>
      <ManufactureCountry>IL</ManufactureCountry>
      <ManufacturerItemDescription>אבקת אפיה 10 יח</ManufacturerItemDescription>
      <UnitQty>גרמים</UnitQty>
      <Quantity>100.00</Quantity>
      <bIsWeighted>0</bIsWeighted>
      <UnitOfMeasure>100 גרם</UnitOfMeasure>
      <QtyInPackage>1</QtyInPackage>
      <ItemPrice>3.60</ItemPrice>
      <UnitOfMeasurePrice>3.60</UnitOfMeasurePrice>
      <AllowDiscount>1</AllowDiscount>
      <ItemStatus>1</ItemStatus>
    </Item>
    <Item>
      <PriceUpdateDate>2023-03-05 09:04</PriceUpdateDate>
      <ItemCode>7296073362951</ItemCode>
      <ItemType>1</ItemType>
      <ItemName>סוכר וניל שופרסל 10*10גר</ItemName>
      <ManufacturerName>י. כהן בע"\מ</ManufacturerName>
      <ManufactureCountry>IL</ManufactureCountry>
      <ManufacturerItemDescription>סוכר וניל  10 יח</ManufacturerItemDescription>
      <UnitQty>גרמים</UnitQty>
      <Quantity>100.00</Quantity>
      <bIsWeighted>0</bIsWeighted>
      <UnitOfMeasure>100 גרם</UnitOfMeasure>
      <QtyInPackage>1</QtyInPackage>
      <ItemPrice>3.70</ItemPrice>
      <UnitOfMeasurePrice>3.70</UnitOfMeasurePrice>
      <AllowDiscount>1</AllowDiscount>
      <ItemStatus>1</ItemStatus>
    </Item>
    <Item>
      <PriceUpdateDate>2023-03-05 09:04</PriceUpdateDate>
      <ItemCode>7296073362975</ItemCode>
      <ItemType>1</ItemType>
      <ItemName>אבקת סוכר שופרסל 100 גרם</ItemName>
      <ManufacturerName>ר.ס-.חברה ליבוא וייצור מ</ManufacturerName>
      <ManufactureCountry>IL</ManufactureCountry>
      <ManufacturerItemDescription>אבקת סוכר</ManufacturerItemDescription>
      <UnitQty>גרמים</UnitQty>
      <Quantity>100.00</Quantity>
      <bIsWeighted>0</bIsWeighted>
      <UnitOfMeasure>100 גרם</UnitOfMeasure>
      <QtyInPackage>1</QtyInPackage>
      <ItemPrice>2.70</ItemPrice>
      <UnitOfMeasurePrice>2.70</UnitOfMeasurePrice>
      <AllowDiscount>1</AllowDiscount>
      <ItemStatus>1</ItemStatus>
    </Item>
    <Item>
      <PriceUpdateDate>2021-10-05 06:58</PriceUpdateDate>
      <ItemCode>7296073364184</ItemCode>
      <ItemType>1</ItemType>
      <ItemName>שקיות סלייד 25*20 ס"מ 30</ItemName>
      <ManufacturerName>---</ManufacturerName>
      <ManufactureCountry>CN</ManufactureCountry>
      <ManufacturerItemDescription>שקיות סלייד</ManufacturerItemDescription>
      <UnitQty>יחידה</UnitQty>
      <Quantity>1.00</Quantity>
      <bIsWeighted>0</bIsWeighted>
      <UnitOfMeasure>יחידה</UnitOfMeasure>
      <QtyInPackage>1</QtyInPackage>
      <ItemPrice>13.90</ItemPrice>
      <UnitOfMeasurePrice>13.90</UnitOfMeasurePrice>
      <AllowDiscount>1</AllowDiscount>
      <ItemStatus>1</ItemStatus>
    </Item>
    <Item>
      <PriceUpdateDate>2019-06-18 07:56</PriceUpdateDate>
      <ItemCode>7296073364719</ItemCode>
      <ItemType>1</ItemType>
      <ItemName>משחת שיניים לילדים גיל 6</ItemName>
      <ManufacturerName>MENUFACLURER</ManufacturerName>
      <ManufactureCountry>BG</ManufactureCountry>
      <ManufacturerItemDescription>משחת שיניים לילד</ManufacturerItemDescription>
      <UnitQty>מיליליטרים</UnitQty>
      <Quantity>50.00</Quantity>
      <bIsWeighted>0</bIsWeighted>
      <UnitOfMeasure>100 מ"ל</UnitOfMeasure>
      <QtyInPackage>1</QtyInPackage>
      <ItemPrice>9.90</ItemPrice>
      <UnitOfMeasurePrice>19.80</UnitOfMeasurePrice>
      <AllowDiscount>1</AllowDiscount>
      <ItemStatus>1</ItemStatus>
    </Item>
    <Item>
      <PriceUpdateDate>2020-02-14 05:40</PriceUpdateDate>
      <ItemCode>7296073372073</ItemCode>
      <ItemType>1</ItemType>
      <ItemName>קפסולות מס DOPPIO 11</ItemName>
      <ManufacturerName>DELICA</ManufacturerName>
      <ManufactureCountry>CH</ManufactureCountry>
      <ManufacturerItemDescription>קפסולות דפיו</ManufacturerItemDescription>
      <UnitQty>גרמים</UnitQty>
      <Quantity>50.00</Quantity>
      <bIsWeighted>0</bIsWeighted>
      <UnitOfMeasure>100 גרם</UnitOfMeasure>
      <QtyInPackage>1</QtyInPackage>
      <ItemPrice>15.90</ItemPrice>
      <UnitOfMeasurePrice>31.80</UnitOfMeasurePrice>
      <AllowDiscount>1</AllowDiscount>
      <ItemStatus>1</ItemStatus>
    </Item>
    <Item>
      <PriceUpdateDate>2020-02-25 06:26</PriceUpdateDate>
      <ItemCode>7296073372554</ItemCode>
      <ItemType>1</ItemType>
      <ItemName>משקה ש.שועל אורגני 1ליטר</ItemName>
      <ManufacturerName>ליקואטס וגטאלס</ManufacturerName>
      <ManufactureCountry>ES</ManufactureCountry>
      <ManufacturerItemDescription>משקה שיבולת שועל</ManufacturerItemDescription>
      <UnitQty>ליטרים</UnitQty>
      <Quantity>1.00</Quantity>
      <bIsWeighted>0</bIsWeighted>
      <UnitOfMeasure>ליטר</UnitOfMeasure>
      <QtyInPackage>1</QtyInPackage>
      <ItemPrice>12.90</ItemPrice>
      <UnitOfMeasurePrice>12.90</UnitOfMeasurePrice>
      <AllowDiscount>1</AllowDiscount>
      <ItemStatus>1</ItemStatus>
    </Item>
    <Item>
      <PriceUpdateDate>2022-12-12 09:19</PriceUpdateDate>
      <ItemCode>7296073373476</ItemCode>
      <ItemType>1</ItemType>
      <ItemName>ברוקולי ארוז</ItemName>
      <ManufacturerName>---</ManufacturerName>
      <ManufactureCountry>IL</ManufactureCountry>
      <ManufacturerItemDescription>ברוקולי ארוז</ManufacturerItemDescription>
      <UnitQty>גרמים</UnitQty>
      <Quantity>350.00</Quantity>
      <bIsWeighted>0</bIsWeighted>
      <UnitOfMeasure>100 גרם</UnitOfMeasure>
      <QtyInPackage>1</QtyInPackage>
      <ItemPrice>9.90</ItemPrice>
      <UnitOfMeasurePrice>2.83</UnitOfMeasurePrice>
      <AllowDiscount>1</AllowDiscount>
      <ItemStatus>1</ItemStatus>
    </Item>
    <Item>
      <PriceUpdateDate>2022-01-25 10:50</PriceUpdateDate>
      <ItemCode>7296073379300</ItemCode>
      <ItemType>1</ItemType>
      <ItemName>ג'ל כביסה מרוכז לבן 3 ל</ItemName>
      <ManufacturerName>---</ManufacturerName>
      <ManufactureCountry>IL</ManufactureCountry>
      <ManufacturerItemDescription>ג'ל כביסה מרוכז</ManufacturerItemDescription>
      <UnitQty>ליטרים</UnitQty>
      <Quantity>3.00</Quantity>
      <bIsWeighted>0</bIsWeighted>
      <UnitOfMeasure>ליטר</UnitOfMeasure>
      <QtyInPackage>1</QtyInPackage>
      <ItemPrice>28.90</ItemPrice>
      <UnitOfMeasurePrice>9.63</UnitOfMeasurePrice>
      <AllowDiscount>1</AllowDiscount>
      <ItemStatus>1</ItemStatus>
    </Item>
    <Item>
      <PriceUpdateDate>2020-07-22 10:52</PriceUpdateDate>
      <ItemCode>7296073380832</ItemCode>
      <ItemType>1</ItemType>
      <ItemName>Be ג'ל רחצה אורכידאה 700</ItemName>
      <ManufacturerName>קוסמטיקס</ManufacturerName>
      <ManufactureCountry>TR</ManufactureCountry>
      <ManufacturerItemDescription>Be ג'ל רחצה</ManufacturerItemDescription>
      <UnitQty>מיליליטרים</UnitQty>
      <Quantity>700.00</Quantity>
      <bIsWeighted>0</bIsWeighted>
      <UnitOfMeasure>100 מ"ל</UnitOfMeasure>
      <QtyInPackage>1</QtyInPackage>
      <ItemPrice>13.90</ItemPrice>
      <UnitOfMeasurePrice>1.99</UnitOfMeasurePrice>
      <AllowDiscount>1</AllowDiscount>
      <ItemStatus>1</ItemStatus>
    </Item>
    <Item>
      <PriceUpdateDate>2019-07-11 23:09</PriceUpdateDate>
      <ItemCode>7296073384434</ItemCode>
      <ItemType>1</ItemType>
      <ItemName>קציצות סג.גפילטע פיש350ג</ItemName>
      <ManufacturerName>---</ManufacturerName>
      <ManufactureCountry>IL</ManufactureCountry>
      <ManufacturerItemDescription>קציצות עם דגים</ManufacturerItemDescription>
      <UnitQty>גרמים</UnitQty>
      <Quantity>560.00</Quantity>
      <bIsWeighted>0</bIsWeighted>
      <UnitOfMeasure>100 גרם</UnitOfMeasure>
      <QtyInPackage>1</QtyInPackage>
      <ItemPrice>14.90</ItemPrice>
      <UnitOfMeasurePrice>2.66</UnitOfMeasurePrice>
      <AllowDiscount>1</AllowDiscount>
      <ItemStatus>1</ItemStatus>
    </Item>
    <Item>
      <PriceUpdateDate>2023-04-13 10:30</PriceUpdateDate>
      <ItemCode>7296073385752</ItemCode>
      <ItemType>1</ItemType>
      <ItemName>קשיו קלויים ומומלח200ג</ItemName>
      <ManufacturerName>פיצוחי ציון</ManufacturerName>
      <ManufactureCountry>IL</ManufactureCountry>
      <ManufacturerItemDescription>קשיו קלוי ומומלח</ManufacturerItemDescription>
      <UnitQty>גרמים</UnitQty>
      <Quantity>200.00</Quantity>
      <bIsWeighted>0</bIsWeighted>
      <UnitOfMeasure>100 גרם</UnitOfMeasure>
      <QtyInPackage>1</QtyInPackage>
      <ItemPrice>19.90</ItemPrice>
      <UnitOfMeasurePrice>9.95</UnitOfMeasurePrice>
      <AllowDiscount>1</AllowDiscount>
      <ItemStatus>1</ItemStatus>
    </Item>
    <Item>
      <PriceUpdateDate>2019-12-06 05:39</PriceUpdateDate>
      <ItemCode>7296073388722</ItemCode>
      <ItemType>1</ItemType>
      <ItemName>שמפו ש.רגיל ביוטין700מל</ItemName>
      <ManufacturerName>---</ManufacturerName>
      <ManufactureCountry>TR</ManufactureCountry>
      <ManufacturerItemDescription>שמפו לשיער רגיל</ManufacturerItemDescription>
      <UnitQty>מיליליטרים</UnitQty>
      <Quantity>700.00</Quantity>
      <bIsWeighted>0</bIsWeighted>
      <UnitOfMeasure>100 מ"ל</UnitOfMeasure>
      <QtyInPackage>1</QtyInPackage>
      <ItemPrice>10.90</ItemPrice>
      <UnitOfMeasurePrice>1.56</UnitOfMeasurePrice>
      <AllowDiscount>1</AllowDiscount>
      <ItemStatus>1</ItemStatus>
    </Item>
    <Item>
      <PriceUpdateDate>2022-12-26 09:22</PriceUpdateDate>
      <ItemCode>7296073390329</ItemCode>
      <ItemType>1</ItemType>
      <ItemName>גבינת שמנת25% שופרסל200ג</ItemName>
      <ManufacturerName>---</ManufacturerName>
      <ManufactureCountry>IL</ManufactureCountry>
      <ManufacturerItemDescription>גבינת שמנת</ManufacturerItemDescription>
      <UnitQty>גרמים</UnitQty>
      <Quantity>200.00</Quantity>
      <bIsWeighted>0</bIsWeighted>
      <UnitOfMeasure>100 גרם</UnitOfMeasure>
      <QtyInPackage>1</QtyInPackage>
      <ItemPrice>11.90</ItemPrice>
      <UnitOfMeasurePrice>5.95</UnitOfMeasurePrice>
      <AllowDiscount>1</AllowDiscount>
      <ItemStatus>1</ItemStatus>
    </Item>
    <Item>
      <PriceUpdateDate>2020-01-31 05:45</PriceUpdateDate>
      <ItemCode>7296073390558</ItemCode>
      <ItemType>1</ItemType>
      <ItemName>מטען קיר כפול אפל  2.1A</ItemName>
      <ManufacturerName>---</ManufacturerName>
      <ManufactureCountry>CN</ManufactureCountry>
      <ManufacturerItemDescription>מטען קיר כפול</ManufacturerItemDescription>
      <UnitQty>יחידה</UnitQty>
      <Quantity>1.00</Quantity>
      <bIsWeighted>0</bIsWeighted>
      <UnitOfMeasure>יחידה</UnitOfMeasure>
      <QtyInPackage>1</QtyInPackage>
      <ItemPrice>49.90</ItemPrice>
      <UnitOfMeasurePrice>49.90</UnitOfMeasurePrice>
      <AllowDiscount>1</AllowDiscount>
      <ItemStatus>1</ItemStatus>
    </Item>
    <Item>
      <PriceUpdateDate>2020-01-31 05:45</PriceUpdateDate>
      <ItemCode>7296073390695</ItemCode>
      <ItemType>1</ItemType>
      <ItemName>אוזניה MUSIC  לבן+שחור</ItemName>
      <ManufacturerName>בסט סין</ManufacturerName>
      <ManufactureCountry>CN</ManufactureCountry>
      <ManufacturerItemDescription>אוזניה MUSIC</ManufacturerItemDescription>
      <UnitQty>יחידה</UnitQty>
      <Quantity>1.00</Quantity>
      <bIsWeighted>0</bIsWeighted>
      <UnitOfMeasure>יחידה</UnitOfMeasure>
      <QtyInPackage>1</QtyInPackage>
      <ItemPrice>19.90</ItemPrice>
      <UnitOfMeasurePrice>19.90</UnitOfMeasurePrice>
      <AllowDiscount>1</AllowDiscount>
      <ItemStatus>1</ItemStatus>
    </Item>
    <Item>
      <PriceUpdateDate>2020-02-18 07:44</PriceUpdateDate>
      <ItemCode>7296073393108</ItemCode>
      <ItemType>1</ItemType>
      <ItemName>קפה נמס קלאסי 200 גרם</ItemName>
      <ManufacturerName>---</ManufacturerName>
      <ManufactureCountry>ES</ManufactureCountry>
      <ManufacturerItemDescription>קפה נמס קלאסי</ManufacturerItemDescription>
      <UnitQty>גרמים</UnitQty>
      <Quantity>200.00</Quantity>
      <bIsWeighted>0</bIsWeighted>
      <UnitOfMeasure>100 גרם</UnitOfMeasure>
      <QtyInPackage>1</QtyInPackage>
      <ItemPrice>20.90</ItemPrice>
      <UnitOfMeasurePrice>10.45</UnitOfMeasurePrice>
      <AllowDiscount>1</AllowDiscount>
      <ItemStatus>1</ItemStatus>
    </Item>
    <Item>
      <PriceUpdateDate>2020-02-18 07:44</PriceUpdateDate>
      <ItemCode>7296073393122</ItemCode>
      <ItemType>1</ItemType>
      <ItemName>קפה נמס בריסטה 200 גרם</ItemName>
      <ManufacturerName>---</ManufacturerName>
      <ManufactureCountry>ES</ManufactureCountry>
      <ManufacturerItemDescription>קפה נמס בריסטה</ManufacturerItemDescription>
      <UnitQty>גרמים</UnitQty>
      <Quantity>200.00</Quantity>
      <bIsWeighted>0</bIsWeighted>
      <UnitOfMeasure>100 גרם</UnitOfMeasure>
      <QtyInPackage>1</QtyInPackage>
      <ItemPrice>20.90</ItemPrice>
      <UnitOfMeasurePrice>10.45</UnitOfMeasurePrice>
      <AllowDiscount>1</AllowDiscount>
      <ItemStatus>1</ItemStatus>
    </Item>
    <Item>
      <PriceUpdateDate>2023-03-31 07:48</PriceUpdateDate>
      <ItemCode>7296073394662</ItemCode>
      <ItemType>1</ItemType>
      <ItemName>אבוקדו בשל מוכן לאכילה</ItemName>
      <ManufacturerName>מור בריאות בע"מ</ManufacturerName>
      <ManufactureCountry>IL</ManufactureCountry>
      <ManufacturerItemDescription>אבוקדו בשל</ManufacturerItemDescription>
      <UnitQty>יחידה</UnitQty>
      <Quantity>1.00</Quantity>
      <bIsWeighted>0</bIsWeighted>
      <UnitOfMeasure>יחידה</UnitOfMeasure>
      <QtyInPackage>1</QtyInPackage>
      <ItemPrice>14.90</ItemPrice>
      <UnitOfMeasurePrice>14.90</UnitOfMeasurePrice>
      <AllowDiscount>1</AllowDiscount>
      <ItemStatus>1</ItemStatus>
    </Item>
    <Item>
      <PriceUpdateDate>2023-01-02 08:18</PriceUpdateDate>
      <ItemCode>7296073396826</ItemCode>
      <ItemType>1</ItemType>
      <ItemName>אייס קפה קר לאטה 250 מ"ל</ItemName>
      <ManufacturerName>ברגלנד מילך</ManufacturerName>
      <ManufactureCountry>AT</ManufactureCountry>
      <ManufacturerItemDescription>אייס קפה קר לאטה</ManufacturerItemDescription>
      <UnitQty>מיליליטרים</UnitQty>
      <Quantity>250.00</Quantity>
      <bIsWeighted>0</bIsWeighted>
      <UnitOfMeasure>100 מ"ל</UnitOfMeasure>
      <QtyInPackage>1</QtyInPackage>
      <ItemPrice>7.20</ItemPrice>
      <UnitOfMeasurePrice>2.88</UnitOfMeasurePrice>
      <AllowDiscount>1</AllowDiscount>
      <ItemStatus>1</ItemStatus>
    </Item>
    <Item>
      <PriceUpdateDate>2020-02-14 05:40</PriceUpdateDate>
      <ItemCode>7296073396857</ItemCode>
      <ItemType>1</ItemType>
      <ItemName>אריסה מתוקה שופרסל 250 ג</ItemName>
      <ManufacturerName>א.ל. ייצור ושיווק תבליני</ManufacturerName>
      <ManufactureCountry>IL</ManufactureCountry>
      <ManufacturerItemDescription>אריסה מתוקה</ManufacturerItemDescription>
      <UnitQty>גרמים</UnitQty>
      <Quantity>250.00</Quantity>
      <bIsWeighted>0</bIsWeighted>
      <UnitOfMeasure>100 גרם</UnitOfMeasure>
      <QtyInPackage>1</QtyInPackage>
      <ItemPrice>13.90</ItemPrice>
      <UnitOfMeasurePrice>5.56</UnitOfMeasurePrice>
      <AllowDiscount>1</AllowDiscount>
      <ItemStatus>1</ItemStatus>
    </Item>
    <Item>
      <PriceUpdateDate>2023-04-14 09:13</PriceUpdateDate>
      <ItemCode>7296073397182</ItemCode>
      <ItemType>1</ItemType>
      <ItemName>וופל Air קרם טעם שוקו150</ItemName>
      <ManufacturerName>---</ManufacturerName>
      <ManufactureCountry>IL</ManufactureCountry>
      <ManufacturerItemDescription>וופל Air</ManufacturerItemDescription>
      <UnitQty>גרמים</UnitQty>
      <Quantity>150.00</Quantity>
      <bIsWeighted>0</bIsWeighted>
      <UnitOfMeasure>100 גרם</UnitOfMeasure>
      <QtyInPackage>1</QtyInPackage>
      <ItemPrice>4.20</ItemPrice>
      <UnitOfMeasurePrice>2.80</UnitOfMeasurePrice>
      <AllowDiscount>1</AllowDiscount>
      <ItemStatus>1</ItemStatus>
    </Item>
    <Item>
      <PriceUpdateDate>2020-01-31 05:45</PriceUpdateDate>
      <ItemCode>7296073397403</ItemCode>
      <ItemType>1</ItemType>
      <ItemName>מקל מחוזק אפור/אדום יחיד</ItemName>
      <ManufacturerName>TYF סחר</ManufacturerName>
      <ManufactureCountry>IT</ManufactureCountry>
      <ManufacturerItemDescription>מקל מחוזק</ManufacturerItemDescription>
      <UnitQty>יחידה</UnitQty>
      <Quantity>1.00</Quantity>
      <bIsWeighted>0</bIsWeighted>
      <UnitOfMeasure>יחידה</UnitOfMeasure>
      <QtyInPackage>1</QtyInPackage>
      <ItemPrice>5.90</ItemPrice>
      <UnitOfMeasurePrice>5.90</UnitOfMeasurePrice>
      <AllowDiscount>1</AllowDiscount>
      <ItemStatus>1</ItemStatus>
    </Item>
    <Item>
      <PriceUpdateDate>2021-06-09 13:37</PriceUpdateDate>
      <ItemCode>7296073398646</ItemCode>
      <ItemType>1</ItemType>
      <ItemName>סלט טונה עם ירקות 250 גר</ItemName>
      <ManufacturerName>---</ManufacturerName>
      <ManufactureCountry>IL</ManufactureCountry>
      <ManufacturerItemDescription>סלט טונה</ManufacturerItemDescription>
      <UnitQty>גרמים</UnitQty>
      <Quantity>250.00</Quantity>
      <bIsWeighted>0</bIsWeighted>
      <UnitOfMeasure>100 גרם</UnitOfMeasure>
      <QtyInPackage>1</QtyInPackage>
      <ItemPrice>19.90</ItemPrice>
      <UnitOfMeasurePrice>7.96</UnitOfMeasurePrice>
      <AllowDiscount>1</AllowDiscount>
      <ItemStatus>1</ItemStatus>
    </Item>
    <Item>
      <PriceUpdateDate>2021-06-09 13:37</PriceUpdateDate>
      <ItemCode>7296073398660</ItemCode>
      <ItemType>1</ItemType>
      <ItemName>סלט חציל תאילנדי 250 גרם</ItemName>
      <ManufacturerName>---</ManufacturerName>
      <ManufactureCountry>IL</ManufactureCountry>
      <ManufacturerItemDescription>סלט חציל תאילנדי</ManufacturerItemDescription>
      <UnitQty>גרמים</UnitQty>
      <Quantity>250.00</Quantity>
      <bIsWeighted>0</bIsWeighted>
      <UnitOfMeasure>100 גרם</UnitOfMeasure>
      <QtyInPackage>1</QtyInPackage>
      <ItemPrice>13.90</ItemPrice>
      <UnitOfMeasurePrice>5.56</UnitOfMeasurePrice>
      <AllowDiscount>1</AllowDiscount>
      <ItemStatus>1</ItemStatus>
    </Item>
    <Item>
      <PriceUpdateDate>2022-07-04 10:42</PriceUpdateDate>
      <ItemCode>7296073398684</ItemCode>
      <ItemType>1</ItemType>
      <ItemName>חציל במיונז שופרסל 250 ג</ItemName>
      <ManufacturerName>---</ManufacturerName>
      <ManufactureCountry>IL</ManufactureCountry>
      <ManufacturerItemDescription>סלט במיונז</ManufacturerItemDescription>
      <UnitQty>גרמים</UnitQty>
      <Quantity>250.00</Quantity>
      <bIsWeighted>0</bIsWeighted>
      <UnitOfMeasure>100 גרם</UnitOfMeasure>
      <QtyInPackage>1</QtyInPackage>
      <ItemPrice>12.90</ItemPrice>
      <UnitOfMeasurePrice>5.16</UnitOfMeasurePrice>
      <AllowDiscount>1</AllowDiscount>
      <ItemStatus>1</ItemStatus>
    </Item>
    <Item>
      <PriceUpdateDate>2022-07-04 10:42</PriceUpdateDate>
      <ItemCode>7296073398707</ItemCode>
      <ItemType>1</ItemType>
      <ItemName>חומוס מסבחה שופרסל 250 ג</ItemName>
      <ManufacturerName>---</ManufacturerName>
      <ManufactureCountry>IL</ManufactureCountry>
      <ManufacturerItemDescription>חומוס מסבחה</ManufacturerItemDescription>
      <UnitQty>גרמים</UnitQty>
      <Quantity>250.00</Quantity>
      <bIsWeighted>0</bIsWeighted>
      <UnitOfMeasure>100 גרם</UnitOfMeasure>
      <QtyInPackage>1</QtyInPackage>
      <ItemPrice>12.90</ItemPrice>
      <UnitOfMeasurePrice>5.16</UnitOfMeasurePrice>
      <AllowDiscount>1</AllowDiscount>
      <ItemStatus>1</ItemStatus>
    </Item>
    <Item>
      <PriceUpdateDate>2020-07-13 08:02</PriceUpdateDate>
      <ItemCode>7296073399544</ItemCode>
      <ItemType>1</ItemType>
      <ItemName>חלב נטול לקטוז2% 1 ליטר</ItemName>
      <ManufacturerName>מחלבות רמת הגולן</ManufacturerName>
      <ManufactureCountry>IL</ManufactureCountry>
      <ManufacturerItemDescription>חלב נטול לקטוז</ManufacturerItemDescription>
      <UnitQty>ליטרים</UnitQty>
      <Quantity>1.00</Quantity>
      <bIsWeighted>0</bIsWeighted>
      <UnitOfMeasure>ליטר</UnitOfMeasure>
      <QtyInPackage>1</QtyInPackage>
      <ItemPrice>8.90</ItemPrice>
      <UnitOfMeasurePrice>8.90</UnitOfMeasurePrice>
      <AllowDiscount>1</AllowDiscount>
      <ItemStatus>1</ItemStatus>
    </Item>
    <Item>
      <PriceUpdateDate>2022-04-19 08:03</PriceUpdateDate>
      <ItemCode>7296073400004</ItemCode>
      <ItemType>1</ItemType>
      <ItemName>שמנת לבישול 15% 500 מ"ל</ItemName>
      <ManufacturerName>מחלבות רמת הגולן</ManufacturerName>
      <ManufactureCountry>IL</ManufactureCountry>
      <ManufacturerItemDescription>שמנת לבישול</ManufacturerItemDescription>
      <UnitQty>מיליליטרים</UnitQty>
      <Quantity>500.00</Quantity>
      <bIsWeighted>0</bIsWeighted>
      <UnitOfMeasure>100 מ"ל</UnitOfMeasure>
      <QtyInPackage>1</QtyInPackage>
      <ItemPrice>14.50</ItemPrice>
      <UnitOfMeasurePrice>2.90</UnitOfMeasurePrice>
      <AllowDiscount>1</AllowDiscount>
      <ItemStatus>1</ItemStatus>
    </Item>
    <Item>
      <PriceUpdateDate>2022-07-04 10:42</PriceUpdateDate>
      <ItemCode>7296073401575</ItemCode>
      <ItemType>1</ItemType>
      <ItemName>חומוס מסעדות שופרסל250ג</ItemName>
      <ManufacturerName>סלטי שמיר 2006 בע"\מ</ManufacturerName>
      <ManufactureCountry>IL</ManufactureCountry>
      <ManufacturerItemDescription>חומוס מסעדות</ManufacturerItemDescription>
      <UnitQty>גרמים</UnitQty>
      <Quantity>250.00</Quantity>
      <bIsWeighted>0</bIsWeighted>
      <UnitOfMeasure>100 גרם</UnitOfMeasure>
      <QtyInPackage>1</QtyInPackage>
      <ItemPrice>12.90</ItemPrice>
      <UnitOfMeasurePrice>5.16</UnitOfMeasurePrice>
      <AllowDiscount>1</AllowDiscount>
      <ItemStatus>1</ItemStatus>
    </Item>
    <Item>
      <PriceUpdateDate>2023-03-05 09:04</PriceUpdateDate>
      <ItemCode>7296073404194</ItemCode>
      <ItemType>1</ItemType>
      <ItemName>מיונז אמיתי לחיץ 395 גרם</ItemName>
      <ManufacturerName>ACESUR</ManufacturerName>
      <ManufactureCountry>ES</ManufactureCountry>
      <ManufacturerItemDescription>מיונז לחיץ</ManufacturerItemDescription>
      <UnitQty>גרמים</UnitQty>
      <Quantity>395.00</Quantity>
      <bIsWeighted>0</bIsWeighted>
      <UnitOfMeasure>100 גרם</UnitOfMeasure>
      <QtyInPackage>1</QtyInPackage>
      <ItemPrice>12.90</ItemPrice>
      <UnitOfMeasurePrice>3.27</UnitOfMeasurePrice>
      <AllowDiscount>1</AllowDiscount>
      <ItemStatus>1</ItemStatus>
    </Item>
    <Item>
      <PriceUpdateDate>2022-06-20 09:24</PriceUpdateDate>
      <ItemCode>7296073404903</ItemCode>
      <ItemType>1</ItemType>
      <ItemName>מיץ לימון טבעי זכוכית250</ItemName>
      <ManufacturerName>פולנגי</ManufacturerName>
      <ManufactureCountry>IT</ManufactureCountry>
      <ManufacturerItemDescription>מיץ לימון טבעי</ManufacturerItemDescription>
      <UnitQty>מיליליטרים</UnitQty>
      <Quantity>250.00</Quantity>
      <bIsWeighted>0</bIsWeighted>
      <UnitOfMeasure>100 מ"ל</UnitOfMeasure>
      <QtyInPackage>1</QtyInPackage>
      <ItemPrice>7.50</ItemPrice>
      <UnitOfMeasurePrice>3.00</UnitOfMeasurePrice>
      <AllowDiscount>1</AllowDiscount>
      <ItemStatus>1</ItemStatus>
    </Item>
    <Item>
      <PriceUpdateDate>2022-07-31 06:09</PriceUpdateDate>
      <ItemCode>7296073408888</ItemCode>
      <ItemType>1</ItemType>
      <ItemName>נייר אפייה 50 יחידות</ItemName>
      <ManufacturerName>כללי</ManufacturerName>
      <ManufactureCountry>IL</ManufactureCountry>
      <ManufacturerItemDescription>נייר אפייה</ManufacturerItemDescription>
      <UnitQty>יחידה</UnitQty>
      <Quantity>1.00</Quantity>
      <bIsWeighted>0</bIsWeighted>
      <UnitOfMeasure>יחידה</UnitOfMeasure>
      <QtyInPackage>1</QtyInPackage>
      <ItemPrice>10.90</ItemPrice>
      <UnitOfMeasurePrice>10.90</UnitOfMeasurePrice>
      <AllowDiscount>1</AllowDiscount>
      <ItemStatus>1</ItemStatus>
    </Item>
    <Item>
      <PriceUpdateDate>2022-03-09 10:17</PriceUpdateDate>
      <ItemCode>7296073409120</ItemCode>
      <ItemType>1</ItemType>
      <ItemName>פופקורן מופחת שומן85*5גר</ItemName>
      <ManufacturerName>AST נובולוג</ManufacturerName>
      <ManufactureCountry>BG</ManufactureCountry>
      <ManufacturerItemDescription>פופקורן למיקרוגל</ManufacturerItemDescription>
      <UnitQty>גרמים</UnitQty>
      <Quantity>425.00</Quantity>
      <bIsWeighted>0</bIsWeighted>
      <UnitOfMeasure>100 גרם</UnitOfMeasure>
      <QtyInPackage>1</QtyInPackage>
      <ItemPrice>12.90</ItemPrice>
      <UnitOfMeasurePrice>3.04</UnitOfMeasurePrice>
      <AllowDiscount>1</AllowDiscount>
      <ItemStatus>1</ItemStatus>
    </Item>
    <Item>
      <PriceUpdateDate>2023-01-09 15:44</PriceUpdateDate>
      <ItemCode>7296073409663</ItemCode>
      <ItemType>1</ItemType>
      <ItemName>גאודה הולנדי פרוס34% 150</ItemName>
      <ManufacturerName>B.V KAAS HAZELEGER</ManufacturerName>
      <ManufactureCountry>NL</ManufactureCountry>
      <ManufacturerItemDescription>גבינת גאודה</ManufacturerItemDescription>
      <UnitQty>גרמים</UnitQty>
      <Quantity>150.00</Quantity>
      <bIsWeighted>0</bIsWeighted>
      <UnitOfMeasure>100 גרם</UnitOfMeasure>
      <QtyInPackage>1</QtyInPackage>
      <ItemPrice>19.90</ItemPrice>
      <UnitOfMeasurePrice>13.27</UnitOfMeasurePrice>
      <AllowDiscount>1</AllowDiscount>
      <ItemStatus>1</ItemStatus>
    </Item>
    <Item>
      <PriceUpdateDate>2021-02-15 01:15</PriceUpdateDate>
      <ItemCode>7296073409922</ItemCode>
      <ItemType>1</ItemType>
      <ItemName>מגשית ג'ינג'רכתוש שופרסל</ItemName>
      <ManufacturerName>דורות</ManufacturerName>
      <ManufactureCountry>IL</ManufactureCountry>
      <ManufacturerItemDescription>מגשית ג'ינג'ר כת</ManufacturerItemDescription>
      <UnitQty>גרמים</UnitQty>
      <Quantity>70.00</Quantity>
      <bIsWeighted>0</bIsWeighted>
      <UnitOfMeasure>100 גרם</UnitOfMeasure>
      <QtyInPackage>1</QtyInPackage>
      <ItemPrice>10.90</ItemPrice>
      <UnitOfMeasurePrice>15.57</UnitOfMeasurePrice>
      <AllowDiscount>1</AllowDiscount>
      <ItemStatus>1</ItemStatus>
    </Item>
    <Item>
      <PriceUpdateDate>2022-05-10 09:42</PriceUpdateDate>
      <ItemCode>7296073411239</ItemCode>
      <ItemType>1</ItemType>
      <ItemName>מרכך כביסה מרוכז מאסק1ל</ItemName>
      <ManufacturerName>---</ManufacturerName>
      <ManufactureCountry>IL</ManufactureCountry>
      <ManufacturerItemDescription>מרכך כביסה מרוכז</ManufacturerItemDescription>
      <UnitQty>ליטרים</UnitQty>
      <Quantity>1.00</Quantity>
      <bIsWeighted>0</bIsWeighted>
      <UnitOfMeasure>ליטר</UnitOfMeasure>
      <QtyInPackage>1</QtyInPackage>
      <ItemPrice>14.90</ItemPrice>
      <UnitOfMeasurePrice>14.90</UnitOfMeasurePrice>
      <AllowDiscount>1</AllowDiscount>
      <ItemStatus>1</ItemStatus>
    </Item>
    <Item>
      <PriceUpdateDate>2021-12-16 07:12</PriceUpdateDate>
      <ItemCode>7296073413257</ItemCode>
      <ItemType>1</ItemType>
      <ItemName>חסה לבבות</ItemName>
      <ManufacturerName>משק אסף פרחי בע"מ</ManufacturerName>
      <ManufactureCountry>IL</ManufactureCountry>
      <ManufacturerItemDescription>חסה לבבות</ManufacturerItemDescription>
      <UnitQty>גרמים</UnitQty>
      <Quantity>350.00</Quantity>
      <bIsWeighted>0</bIsWeighted>
      <UnitOfMeasure>100 גרם</UnitOfMeasure>
      <QtyInPackage>1</QtyInPackage>
      <ItemPrice>10.90</ItemPrice>
      <UnitOfMeasurePrice>3.11</UnitOfMeasurePrice>
      <AllowDiscount>1</AllowDiscount>
      <ItemStatus>1</ItemStatus>
    </Item>
    <Item>
      <PriceUpdateDate>2020-09-18 05:39</PriceUpdateDate>
      <ItemCode>7296073413356</ItemCode>
      <ItemType>1</ItemType>
      <ItemName>קפסולות roast dark ג50</ItemName>
      <ManufacturerName>DELICA</ManufacturerName>
      <ManufactureCountry>CH</ManufactureCountry>
      <ManufacturerItemDescription>קפסולות dark</ManufacturerItemDescription>
      <UnitQty>גרמים</UnitQty>
      <Quantity>50.00</Quantity>
      <bIsWeighted>0</bIsWeighted>
      <UnitOfMeasure>100 גרם</UnitOfMeasure>
      <QtyInPackage>1</QtyInPackage>
      <ItemPrice>15.90</ItemPrice>
      <UnitOfMeasurePrice>31.80</UnitOfMeasurePrice>
      <AllowDiscount>1</AllowDiscount>
      <ItemStatus>1</ItemStatus>
    </Item>
    <Item>
      <PriceUpdateDate>2021-11-11 06:52</PriceUpdateDate>
      <ItemCode>7296073413424</ItemCode>
      <ItemType>1</ItemType>
      <ItemName>צנונית</ItemName>
      <ManufacturerName>חבל מעון</ManufacturerName>
      <ManufactureCountry>IL</ManufactureCountry>
      <ManufacturerItemDescription>צנונית</ManufacturerItemDescription>
      <UnitQty>גרמים</UnitQty>
      <Quantity>400.00</Quantity>
      <bIsWeighted>0</bIsWeighted>
      <UnitOfMeasure>100 גרם</UnitOfMeasure>
      <QtyInPackage>1</QtyInPackage>
      <ItemPrice>6.90</ItemPrice>
      <UnitOfMeasurePrice>1.73</UnitOfMeasurePrice>
      <AllowDiscount>1</AllowDiscount>
      <ItemStatus>1</ItemStatus>
    </Item>
    <Item>
      <PriceUpdateDate>2023-01-24 12:31</PriceUpdateDate>
      <ItemCode>7296073413769</ItemCode>
      <ItemType>1</ItemType>
      <ItemName>שוקולד מריר 83% 100גרם</ItemName>
      <ManufacturerName>פריי )שוקולד(</ManufacturerName>
      <ManufactureCountry>CH</ManufactureCountry>
      <ManufacturerItemDescription>שוקולד מריר</ManufacturerItemDescription>
      <UnitQty>גרמים</UnitQty>
      <Quantity>100.00</Quantity>
      <bIsWeighted>0</bIsWeighted>
      <UnitOfMeasure>100 גרם</UnitOfMeasure>
      <QtyInPackage>1</QtyInPackage>
      <ItemPrice>9.50</ItemPrice>
      <UnitOfMeasurePrice>9.50</UnitOfMeasurePrice>
      <AllowDiscount>1</AllowDiscount>
      <ItemStatus>1</ItemStatus>
    </Item>
    <Item>
      <PriceUpdateDate>2020-08-03 15:42</PriceUpdateDate>
      <ItemCode>7296073414278</ItemCode>
      <ItemType>1</ItemType>
      <ItemName>עגבניות חתוכות דק 400*3ג</ItemName>
      <ManufacturerName>פריניר</ManufacturerName>
      <ManufactureCountry>IL</ManufactureCountry>
      <ManufacturerItemDescription>עגבניות חתוכות3*</ManufacturerItemDescription>
      <UnitQty>קילוגרמים</UnitQty>
      <Quantity>1.20</Quantity>
      <bIsWeighted>0</bIsWeighted>
      <UnitOfMeasure>ק"ג</UnitOfMeasure>
      <QtyInPackage>1</QtyInPackage>
      <ItemPrice>12.90</ItemPrice>
      <UnitOfMeasurePrice>10.75</UnitOfMeasurePrice>
      <AllowDiscount>1</AllowDiscount>
      <ItemStatus>1</ItemStatus>
    </Item>
    <Item>
      <PriceUpdateDate>2023-04-11 05:10</PriceUpdateDate>
      <ItemCode>7296073415121</ItemCode>
      <ItemType>1</ItemType>
      <ItemName>מגני תחתון לארג' 52 יחיד</ItemName>
      <ManufacturerName>קוראטקס</ManufacturerName>
      <ManufactureCountry>DE</ManufactureCountry>
      <ManufacturerItemDescription>מגני תחתון B</ManufacturerItemDescription>
      <UnitQty>יחידה</UnitQty>
      <Quantity>1.00</Quantity>
      <bIsWeighted>0</bIsWeighted>
      <UnitOfMeasure>יחידה</UnitOfMeasure>
      <QtyInPackage>1</QtyInPackage>
      <ItemPrice>11.90</ItemPrice>
      <UnitOfMeasurePrice>11.90</UnitOfMeasurePrice>
      <AllowDiscount>1</AllowDiscount>
      <ItemStatus>1</ItemStatus>
    </Item>
    <Item>
      <PriceUpdateDate>2023-02-01 07:29</PriceUpdateDate>
      <ItemCode>7296073416845</ItemCode>
      <ItemType>1</ItemType>
      <ItemName>ביצים L שופרסל 12יחידות</ItemName>
      <ManufacturerName>ביצי משק דוידי בע"מ</ManufacturerName>
      <ManufactureCountry>IL</ManufactureCountry>
      <ManufacturerItemDescription>ביצים 12יח L</ManufacturerItemDescription>
      <UnitQty>יחידה</UnitQty>
      <Quantity>1.00</Quantity>
      <bIsWeighted>0</bIsWeighted>
      <UnitOfMeasure>יחידה</UnitOfMeasure>
      <QtyInPackage>1</QtyInPackage>
      <ItemPrice>13.97</ItemPrice>
      <UnitOfMeasurePrice>13.97</UnitOfMeasurePrice>
      <AllowDiscount>1</AllowDiscount>
      <ItemStatus>1</ItemStatus>
    </Item>
    <Item>
      <PriceUpdateDate>2022-02-08 08:28</PriceUpdateDate>
      <ItemCode>7296073417675</ItemCode>
      <ItemType>1</ItemType>
      <ItemName>גבינה אמנטל פרוסה29% 200</ItemName>
      <ManufacturerName>גבינות משק אחים מאיר בית</ManufacturerName>
      <ManufactureCountry>IL</ManufactureCountry>
      <ManufacturerItemDescription>גבינה אמנטל פרוס</ManufacturerItemDescription>
      <UnitQty>גרמים</UnitQty>
      <Quantity>200.00</Quantity>
      <bIsWeighted>0</bIsWeighted>
      <UnitOfMeasure>100 גרם</UnitOfMeasure>
      <QtyInPackage>1</QtyInPackage>
      <ItemPrice>17.00</ItemPrice>
      <UnitOfMeasurePrice>8.50</UnitOfMeasurePrice>
      <AllowDiscount>1</AllowDiscount>
      <ItemStatus>1</ItemStatus>
    </Item>
    <Item>
      <PriceUpdateDate>2020-12-25 05:40</PriceUpdateDate>
      <ItemCode>7296073420675</ItemCode>
      <ItemType>1</ItemType>
      <ItemName>ביצי הפתעה יוניקורן20*3ג</ItemName>
      <ManufacturerName>SPA ZAINI LUIGI</ManufacturerName>
      <ManufactureCountry>IT</ManufactureCountry>
      <ManufacturerItemDescription>ביצי הפתעה יוניק</ManufacturerItemDescription>
      <UnitQty>גרמים</UnitQty>
      <Quantity>3.00</Quantity>
      <bIsWeighted>0</bIsWeighted>
      <UnitOfMeasure>100 גרם</UnitOfMeasure>
      <QtyInPackage>1</QtyInPackage>
      <ItemPrice>13.90</ItemPrice>
      <UnitOfMeasurePrice>463.33</UnitOfMeasurePrice>
      <AllowDiscount>1</AllowDiscount>
      <ItemStatus>1</ItemStatus>
    </Item>
    <Item>
      <PriceUpdateDate>2020-12-25 05:40</PriceUpdateDate>
      <ItemCode>7296073420682</ItemCode>
      <ItemType>1</ItemType>
      <ItemName>ביצי הפתעה Pups Mighty 3</ItemName>
      <ManufacturerName>SPA ZAINI LUIGI</ManufacturerName>
      <ManufactureCountry>IT</ManufactureCountry>
      <ManufacturerItemDescription>ביצי הפתעה</ManufacturerItemDescription>
      <UnitQty>גרמים</UnitQty>
      <Quantity>60.00</Quantity>
      <bIsWeighted>0</bIsWeighted>
      <UnitOfMeasure>100 גרם</UnitOfMeasure>
      <QtyInPackage>1</QtyInPackage>
      <ItemPrice>13.90</ItemPrice>
      <UnitOfMeasurePrice>23.17</UnitOfMeasurePrice>
      <AllowDiscount>1</AllowDiscount>
      <ItemStatus>1</ItemStatus>
    </Item>
    <Item>
      <PriceUpdateDate>2020-08-21 05:41</PriceUpdateDate>
      <ItemCode>7296073421719</ItemCode>
      <ItemType>1</ItemType>
      <ItemName>מגב רצפה 40ס"מ יחידה</ItemName>
      <ManufacturerName>מיקסליר</ManufacturerName>
      <ManufactureCountry>IT</ManufactureCountry>
      <ManufacturerItemDescription>מגב רצפה 40ס"מ</ManufacturerItemDescription>
      <UnitQty>יחידה</UnitQty>
      <Quantity>1.00</Quantity>
      <bIsWeighted>0</bIsWeighted>
      <UnitOfMeasure>יחידה</UnitOfMeasure>
      <QtyInPackage>1</QtyInPackage>
      <ItemPrice>10.90</ItemPrice>
      <UnitOfMeasurePrice>10.90</UnitOfMeasurePrice>
      <AllowDiscount>1</AllowDiscount>
      <ItemStatus>1</ItemStatus>
    </Item>
    <Item>
      <PriceUpdateDate>2021-08-02 07:48</PriceUpdateDate>
      <ItemCode>7296073421801</ItemCode>
      <ItemType>1</ItemType>
      <ItemName>גבינת פרמזן30% 200ג שופר</ItemName>
      <ManufacturerName>אמברוסי</ManufacturerName>
      <ManufactureCountry>IT</ManufactureCountry>
      <ManufacturerItemDescription>גבינת פרמזן</ManufacturerItemDescription>
      <UnitQty>גרמים</UnitQty>
      <Quantity>200.00</Quantity>
      <bIsWeighted>0</bIsWeighted>
      <UnitOfMeasure>100 גרם</UnitOfMeasure>
      <QtyInPackage>1</QtyInPackage>
      <ItemPrice>25.90</ItemPrice>
      <UnitOfMeasurePrice>12.95</UnitOfMeasurePrice>
      <AllowDiscount>1</AllowDiscount>
      <ItemStatus>1</ItemStatus>
    </Item>
    <Item>
      <PriceUpdateDate>2023-01-09 15:44</PriceUpdateDate>
      <ItemCode>7296073421825</ItemCode>
      <ItemType>1</ItemType>
      <ItemName>גרנה פדנו29%שופרסל200ג</ItemName>
      <ManufacturerName>אמברוסי</ManufacturerName>
      <ManufactureCountry>IT</ManufactureCountry>
      <ManufacturerItemDescription>גרנה פדנו</ManufacturerItemDescription>
      <UnitQty>גרמים</UnitQty>
      <Quantity>200.00</Quantity>
      <bIsWeighted>0</bIsWeighted>
      <UnitOfMeasure>100 גרם</UnitOfMeasure>
      <QtyInPackage>1</QtyInPackage>
      <ItemPrice>26.60</ItemPrice>
      <UnitOfMeasurePrice>13.30</UnitOfMeasurePrice>
      <AllowDiscount>1</AllowDiscount>
      <ItemStatus>1</ItemStatus>
    </Item>
    <Item>
      <PriceUpdateDate>2023-04-11 05:00</PriceUpdateDate>
      <ItemCode>7296073423652</ItemCode>
      <ItemType>1</ItemType>
      <ItemName>קרקרים בסגנון איטלקי180ג</ItemName>
      <ManufacturerName>יורוסנאקס</ManufacturerName>
      <ManufactureCountry>IT</ManufactureCountry>
      <ManufacturerItemDescription>חטיפי מיני קרקר</ManufacturerItemDescription>
      <UnitQty>גרמים</UnitQty>
      <Quantity>180.00</Quantity>
      <bIsWeighted>0</bIsWeighted>
      <UnitOfMeasure>100 גרם</UnitOfMeasure>
      <QtyInPackage>1</QtyInPackage>
      <ItemPrice>7.90</ItemPrice>
      <UnitOfMeasurePrice>4.38</UnitOfMeasurePrice>
      <AllowDiscount>1</AllowDiscount>
      <ItemStatus>1</ItemStatus>
    </Item>
    <Item>
      <PriceUpdateDate>2022-06-01 16:32</PriceUpdateDate>
      <ItemCode>7296073424574</ItemCode>
      <ItemType>1</ItemType>
      <ItemName>תערובת סופלה 250 גרם</ItemName>
      <ManufacturerName>י. כהן בע"\מ</ManufacturerName>
      <ManufactureCountry>IL</ManufactureCountry>
      <ManufacturerItemDescription>תערובת סופלה</ManufacturerItemDescription>
      <UnitQty>גרמים</UnitQty>
      <Quantity>250.00</Quantity>
      <bIsWeighted>0</bIsWeighted>
      <UnitOfMeasure>100 גרם</UnitOfMeasure>
      <QtyInPackage>1</QtyInPackage>
      <ItemPrice>15.90</ItemPrice>
      <UnitOfMeasurePrice>6.36</UnitOfMeasurePrice>
      <AllowDiscount>1</AllowDiscount>
      <ItemStatus>1</ItemStatus>
    </Item>
    <Item>
      <PriceUpdateDate>2021-02-19 08:36</PriceUpdateDate>
      <ItemCode>7296073427742</ItemCode>
      <ItemType>1</ItemType>
      <ItemName>טורטיית תירס כשל"פ 250 ג</ItemName>
      <ManufacturerName>מיסון פוד איבריה</ManufacturerName>
      <ManufactureCountry>ES</ManufactureCountry>
      <ManufacturerItemDescription>טורטיית תירס</ManufacturerItemDescription>
      <UnitQty>גרמים</UnitQty>
      <Quantity>250.00</Quantity>
      <bIsWeighted>0</bIsWeighted>
      <UnitOfMeasure>100 גרם</UnitOfMeasure>
      <QtyInPackage>1</QtyInPackage>
      <ItemPrice>13.90</ItemPrice>
      <UnitOfMeasurePrice>5.56</UnitOfMeasurePrice>
      <AllowDiscount>1</AllowDiscount>
      <ItemStatus>1</ItemStatus>
    </Item>
    <Item>
      <PriceUpdateDate>2020-11-13 05:41</PriceUpdateDate>
      <ItemCode>7296073427810</ItemCode>
      <ItemType>1</ItemType>
      <ItemName>מטליות רצפה לוונדר10יח</ItemName>
      <ManufacturerName>פלסטו פוליש</ManufacturerName>
      <ManufactureCountry>IL</ManufactureCountry>
      <ManufacturerItemDescription>מטליות לרצפה</ManufacturerItemDescription>
      <UnitQty>יחידה</UnitQty>
      <Quantity>1.00</Quantity>
      <bIsWeighted>0</bIsWeighted>
      <UnitOfMeasure>יחידה</UnitOfMeasure>
      <QtyInPackage>1</QtyInPackage>
      <ItemPrice>10.90</ItemPrice>
      <UnitOfMeasurePrice>10.90</UnitOfMeasurePrice>
      <AllowDiscount>1</AllowDiscount>
      <ItemStatus>1</ItemStatus>
    </Item>
    <Item>
      <PriceUpdateDate>2023-04-11 04:40</PriceUpdateDate>
      <ItemCode>7296073429753</ItemCode>
      <ItemType>1</ItemType>
      <ItemName>ניילון נצמד בחיתוך קל</ItemName>
      <ManufacturerName>כללי</ManufacturerName>
      <ManufactureCountry>CN</ManufactureCountry>
      <ManufacturerItemDescription>ניילון נצמד</ManufacturerItemDescription>
      <UnitQty>מטרים</UnitQty>
      <Quantity>150.00</Quantity>
      <bIsWeighted>0</bIsWeighted>
      <UnitOfMeasure>מטר</UnitOfMeasure>
      <QtyInPackage>1</QtyInPackage>
      <ItemPrice>20.00</ItemPrice>
      <UnitOfMeasurePrice>0.14</UnitOfMeasurePrice>
      <AllowDiscount>1</AllowDiscount>
      <ItemStatus>1</ItemStatus>
    </Item>
    <Item>
      <PriceUpdateDate>2021-05-14 08:17</PriceUpdateDate>
      <ItemCode>7296073429890</ItemCode>
      <ItemType>1</ItemType>
      <ItemName>אורז בסמטי שופרסל 1 ק"ג</ItemName>
      <ManufacturerName>צמן</ManufacturerName>
      <ManufactureCountry>IN</ManufactureCountry>
      <ManufacturerItemDescription>אורז בסמטי</ManufacturerItemDescription>
      <UnitQty>קילוגרמים</UnitQty>
      <Quantity>1.00</Quantity>
      <bIsWeighted>0</bIsWeighted>
      <UnitOfMeasure>ק"ג</UnitOfMeasure>
      <QtyInPackage>1</QtyInPackage>
      <ItemPrice>11.90</ItemPrice>
      <UnitOfMeasurePrice>11.90</UnitOfMeasurePrice>
      <AllowDiscount>1</AllowDiscount>
      <ItemStatus>1</ItemStatus>
    </Item>
    <Item>
      <PriceUpdateDate>2021-07-25 08:35</PriceUpdateDate>
      <ItemCode>7296073431572</ItemCode>
      <ItemType>1</ItemType>
      <ItemName>צלחת קנה סוכר "9 25 יחי</ItemName>
      <ManufacturerName>כללי</ManufacturerName>
      <ManufactureCountry>CN</ManufactureCountry>
      <ManufacturerItemDescription>צלחת קנה סוכר</ManufacturerItemDescription>
      <UnitQty>יחידה</UnitQty>
      <Quantity>1.00</Quantity>
      <bIsWeighted>0</bIsWeighted>
      <UnitOfMeasure>יחידה</UnitOfMeasure>
      <QtyInPackage>1</QtyInPackage>
      <ItemPrice>14.90</ItemPrice>
      <UnitOfMeasurePrice>14.90</UnitOfMeasurePrice>
      <AllowDiscount>1</AllowDiscount>
      <ItemStatus>1</ItemStatus>
    </Item>
    <Item>
      <PriceUpdateDate>2021-07-25 08:35</PriceUpdateDate>
      <ItemCode>7296073431596</ItemCode>
      <ItemType>1</ItemType>
      <ItemName>מרקייה קנה סוכר 25 יחידו</ItemName>
      <ManufacturerName>כללי</ManufacturerName>
      <ManufactureCountry>CN</ManufactureCountry>
      <ManufacturerItemDescription>מרקיות מקנה סוכר</ManufacturerItemDescription>
      <UnitQty>יחידה</UnitQty>
      <Quantity>1.00</Quantity>
      <bIsWeighted>0</bIsWeighted>
      <UnitOfMeasure>יחידה</UnitOfMeasure>
      <QtyInPackage>1</QtyInPackage>
      <ItemPrice>14.90</ItemPrice>
      <UnitOfMeasurePrice>14.90</UnitOfMeasurePrice>
      <AllowDiscount>1</AllowDiscount>
      <ItemStatus>1</ItemStatus>
    </Item>
    <Item>
      <PriceUpdateDate>2021-06-04 05:38</PriceUpdateDate>
      <ItemCode>7296073432326</ItemCode>
      <ItemType>1</ItemType>
      <ItemName>מטלית אנטיבקטראל למשטחים</ItemName>
      <ManufacturerName>LTD Y.B.T.C</ManufacturerName>
      <ManufactureCountry>CN</ManufactureCountry>
      <ManufacturerItemDescription>מטלית למשטחים</ManufacturerItemDescription>
      <UnitQty>יחידה</UnitQty>
      <Quantity>1.00</Quantity>
      <bIsWeighted>0</bIsWeighted>
      <UnitOfMeasure>יחידה</UnitOfMeasure>
      <QtyInPackage>1</QtyInPackage>
      <ItemPrice>6.90</ItemPrice>
      <UnitOfMeasurePrice>6.90</UnitOfMeasurePrice>
      <AllowDiscount>1</AllowDiscount>
      <ItemStatus>1</ItemStatus>
    </Item>
    <Item>
      <PriceUpdateDate>2023-03-05 09:04</PriceUpdateDate>
      <ItemCode>7296073432883</ItemCode>
      <ItemType>1</ItemType>
      <ItemName>ספגטי מס' 5 שופרסל 500 ג</ItemName>
      <ManufacturerName>מאנפאקטור</ManufacturerName>
      <ManufactureCountry>IT</ManufactureCountry>
      <ManufacturerItemDescription>ספגטי מס' 5</ManufacturerItemDescription>
      <UnitQty>גרמים</UnitQty>
      <Quantity>500.00</Quantity>
      <bIsWeighted>0</bIsWeighted>
      <UnitOfMeasure>100 גרם</UnitOfMeasure>
      <QtyInPackage>1</QtyInPackage>
      <ItemPrice>6.90</ItemPrice>
      <UnitOfMeasurePrice>1.38</UnitOfMeasurePrice>
      <AllowDiscount>1</AllowDiscount>
      <ItemStatus>1</ItemStatus>
    </Item>
    <Item>
      <PriceUpdateDate>2023-03-05 09:04</PriceUpdateDate>
      <ItemCode>7296073432890</ItemCode>
      <ItemType>1</ItemType>
      <ItemName>פסטה סטורטלי שופרסל 500ג</ItemName>
      <ManufacturerName>מאנפאקטור</ManufacturerName>
      <ManufactureCountry>IT</ManufactureCountry>
      <ManufacturerItemDescription>פסטה סטורטלי</ManufacturerItemDescription>
      <UnitQty>גרמים</UnitQty>
      <Quantity>500.00</Quantity>
      <bIsWeighted>0</bIsWeighted>
      <UnitOfMeasure>100 גרם</UnitOfMeasure>
      <QtyInPackage>1</QtyInPackage>
      <ItemPrice>6.90</ItemPrice>
      <UnitOfMeasurePrice>1.38</UnitOfMeasurePrice>
      <AllowDiscount>1</AllowDiscount>
      <ItemStatus>1</ItemStatus>
    </Item>
    <Item>
      <PriceUpdateDate>2021-12-07 07:10</PriceUpdateDate>
      <ItemCode>7296073441335</ItemCode>
      <ItemType>1</ItemType>
      <ItemName>פריכיות אורז מלא 110 גרם</ItemName>
      <ManufacturerName>פרח תעשיות מזון בע"\מ</ManufacturerName>
      <ManufactureCountry>IL</ManufactureCountry>
      <ManufacturerItemDescription>פריכיות אורז מלא</ManufacturerItemDescription>
      <UnitQty>גרמים</UnitQty>
      <Quantity>110.00</Quantity>
      <bIsWeighted>0</bIsWeighted>
      <UnitOfMeasure>100 גרם</UnitOfMeasure>
      <QtyInPackage>1</QtyInPackage>
      <ItemPrice>6.90</ItemPrice>
      <UnitOfMeasurePrice>6.27</UnitOfMeasurePrice>
      <AllowDiscount>1</AllowDiscount>
      <ItemStatus>1</ItemStatus>
    </Item>
    <Item>
      <PriceUpdateDate>2021-07-16 05:38</PriceUpdateDate>
      <ItemCode>7296073442349</ItemCode>
      <ItemType>1</ItemType>
      <ItemName>סילאן טבעי לחיץ שופר840ג</ItemName>
      <ManufacturerName>טעמי הגליל בע"\מ</ManufacturerName>
      <ManufactureCountry>IL</ManufactureCountry>
      <ManufacturerItemDescription>סילאן לחיץ</ManufacturerItemDescription>
      <UnitQty>גרמים</UnitQty>
      <Quantity>840.00</Quantity>
      <bIsWeighted>0</bIsWeighted>
      <UnitOfMeasure>100 גרם</UnitOfMeasure>
      <QtyInPackage>1</QtyInPackage>
      <ItemPrice>22.90</ItemPrice>
      <UnitOfMeasurePrice>2.73</UnitOfMeasurePrice>
      <AllowDiscount>1</AllowDiscount>
      <ItemStatus>1</ItemStatus>
    </Item>
    <Item>
      <PriceUpdateDate>2022-12-26 09:25</PriceUpdateDate>
      <ItemCode>7296073445166</ItemCode>
      <ItemType>1</ItemType>
      <ItemName>במיה קפואה 600 גרם</ItemName>
      <ManufacturerName>INDUSTRY FOOD FOR SILVA</ManufacturerName>
      <ManufactureCountry>IL</ManufactureCountry>
      <ManufacturerItemDescription>במיה 600 גרם</ManufacturerItemDescription>
      <UnitQty>גרמים</UnitQty>
      <Quantity>600.00</Quantity>
      <bIsWeighted>0</bIsWeighted>
      <UnitOfMeasure>100 גרם</UnitOfMeasure>
      <QtyInPackage>1</QtyInPackage>
      <ItemPrice>17.90</ItemPrice>
      <UnitOfMeasurePrice>2.98</UnitOfMeasurePrice>
      <AllowDiscount>1</AllowDiscount>
      <ItemStatus>1</ItemStatus>
    </Item>
    <Item>
      <PriceUpdateDate>2023-04-16 10:20</PriceUpdateDate>
      <ItemCode>7296073445562</ItemCode>
      <ItemType>1</ItemType>
      <ItemName>אפיפיות ללא גלוטן 400גרם</ItemName>
      <ManufacturerName>כרמית תעשיות ממתקים בע"\</ManufacturerName>
      <ManufactureCountry>IL</ManufactureCountry>
      <ManufacturerItemDescription>אפיפיות שופרסל</ManufacturerItemDescription>
      <UnitQty>גרמים</UnitQty>
      <Quantity>400.00</Quantity>
      <bIsWeighted>0</bIsWeighted>
      <UnitOfMeasure>100 גרם</UnitOfMeasure>
      <QtyInPackage>1</QtyInPackage>
      <ItemPrice>12.90</ItemPrice>
      <UnitOfMeasurePrice>3.23</UnitOfMeasurePrice>
      <AllowDiscount>1</AllowDiscount>
      <ItemStatus>1</ItemStatus>
    </Item>
    <Item>
      <PriceUpdateDate>2021-04-09 05:39</PriceUpdateDate>
      <ItemCode>7296073447535</ItemCode>
      <ItemType>1</ItemType>
      <ItemName>קרקר תרד ושמיר 105 גרם</ItemName>
      <ManufacturerName>אלביסקו</ManufacturerName>
      <ManufactureCountry>GR</ManufactureCountry>
      <ManufacturerItemDescription>קרקר תרד ושמיר</ManufacturerItemDescription>
      <UnitQty>גרמים</UnitQty>
      <Quantity>105.00</Quantity>
      <bIsWeighted>0</bIsWeighted>
      <UnitOfMeasure>100 גרם</UnitOfMeasure>
      <QtyInPackage>1</QtyInPackage>
      <ItemPrice>7.90</ItemPrice>
      <UnitOfMeasurePrice>7.52</UnitOfMeasurePrice>
      <AllowDiscount>1</AllowDiscount>
      <ItemStatus>1</ItemStatus>
    </Item>
    <Item>
      <PriceUpdateDate>2021-08-27 05:36</PriceUpdateDate>
      <ItemCode>7296073448143</ItemCode>
      <ItemType>1</ItemType>
      <ItemName>מברשת כלים</ItemName>
      <ManufacturerName>פולסוס</ManufacturerName>
      <ManufactureCountry>CN</ManufactureCountry>
      <ManufacturerItemDescription>מברשת כלים</ManufacturerItemDescription>
      <UnitQty>יחידה</UnitQty>
      <Quantity>1.00</Quantity>
      <bIsWeighted>0</bIsWeighted>
      <UnitOfMeasure>יחידה</UnitOfMeasure>
      <QtyInPackage>1</QtyInPackage>
      <ItemPrice>10.90</ItemPrice>
      <UnitOfMeasurePrice>10.90</UnitOfMeasurePrice>
      <AllowDiscount>1</AllowDiscount>
      <ItemStatus>1</ItemStatus>
    </Item>
    <Item>
      <PriceUpdateDate>2022-05-03 10:09</PriceUpdateDate>
      <ItemCode>7296073451990</ItemCode>
      <ItemType>1</ItemType>
      <ItemName>ממרח צ'ימיצ'ורי שופרסל</ItemName>
      <ManufacturerName>פרסקו חצבה 2006 בע"\מ</ManufacturerName>
      <ManufactureCountry>IL</ManufactureCountry>
      <ManufacturerItemDescription>ממרח צ'ימיצ'ורי</ManufacturerItemDescription>
      <UnitQty>גרמים</UnitQty>
      <Quantity>180.00</Quantity>
      <bIsWeighted>0</bIsWeighted>
      <UnitOfMeasure>100 גרם</UnitOfMeasure>
      <QtyInPackage>1</QtyInPackage>
      <ItemPrice>14.90</ItemPrice>
      <UnitOfMeasurePrice>8.28</UnitOfMeasurePrice>
      <AllowDiscount>1</AllowDiscount>
      <ItemStatus>1</ItemStatus>
    </Item>
    <Item>
      <PriceUpdateDate>2023-04-11 04:40</PriceUpdateDate>
      <ItemCode>7296073454885</ItemCode>
      <ItemType>1</ItemType>
      <ItemName>נייר אפייה 100יח 38X42סמ</ItemName>
      <ManufacturerName>כללי</ManufacturerName>
      <ManufactureCountry>PL</ManufactureCountry>
      <ManufacturerItemDescription>נייר אפייה</ManufacturerItemDescription>
      <UnitQty>יחידה</UnitQty>
      <Quantity>1.00</Quantity>
      <bIsWeighted>0</bIsWeighted>
      <UnitOfMeasure>יחידה</UnitOfMeasure>
      <QtyInPackage>1</QtyInPackage>
      <ItemPrice>18.90</ItemPrice>
      <UnitOfMeasurePrice>18.90</UnitOfMeasurePrice>
      <AllowDiscount>1</AllowDiscount>
      <ItemStatus>1</ItemStatus>
    </Item>
    <Item>
      <PriceUpdateDate>2021-06-07 01:18</PriceUpdateDate>
      <ItemCode>7296073459309</ItemCode>
      <ItemType>1</ItemType>
      <ItemName>ציפס בטטה זיגזג שופרסל</ItemName>
      <ManufacturerName>תעשיות תפוגן בע"\מ</ManufacturerName>
      <ManufactureCountry>IL</ManufactureCountry>
      <ManufacturerItemDescription>ציפס בטטה זיגזג</ManufacturerItemDescription>
      <UnitQty>גרמים</UnitQty>
      <Quantity>500.00</Quantity>
      <bIsWeighted>0</bIsWeighted>
      <UnitOfMeasure>100 גרם</UnitOfMeasure>
      <QtyInPackage>1</QtyInPackage>
      <ItemPrice>17.90</ItemPrice>
      <UnitOfMeasurePrice>3.58</UnitOfMeasurePrice>
      <AllowDiscount>1</AllowDiscount>
      <ItemStatus>1</ItemStatus>
    </Item>
    <Item>
      <PriceUpdateDate>2023-02-24 10:12</PriceUpdateDate>
      <ItemCode>7296073461975</ItemCode>
      <ItemType>1</ItemType>
      <ItemName>בייגלה עם דבש 200 גרם</ItemName>
      <ManufacturerName>אלקה קו</ManufacturerName>
      <ManufactureCountry>RO</ManufactureCountry>
      <ManufacturerItemDescription>בייגלה עם דבש</ManufacturerItemDescription>
      <UnitQty>גרמים</UnitQty>
      <Quantity>200.00</Quantity>
      <bIsWeighted>0</bIsWeighted>
      <UnitOfMeasure>100 גרם</UnitOfMeasure>
      <QtyInPackage>1</QtyInPackage>
      <ItemPrice>11.50</ItemPrice>
      <UnitOfMeasurePrice>5.75</UnitOfMeasurePrice>
      <AllowDiscount>1</AllowDiscount>
      <ItemStatus>1</ItemStatus>
    </Item>
    <Item>
      <PriceUpdateDate>2022-05-10 09:42</PriceUpdateDate>
      <ItemCode>7296073472797</ItemCode>
      <ItemType>1</ItemType>
      <ItemName>קמח חיטה לבן מנופה 1 ק"ג</ItemName>
      <ManufacturerName>שטיבל בע"\מ</ManufacturerName>
      <ManufactureCountry>IL</ManufactureCountry>
      <ManufacturerItemDescription>קמח לבן מנופה</ManufacturerItemDescription>
      <UnitQty>קילוגרמים</UnitQty>
      <Quantity>1.00</Quantity>
      <bIsWeighted>0</bIsWeighted>
      <UnitOfMeasure>ק"ג</UnitOfMeasure>
      <QtyInPackage>1</QtyInPackage>
      <ItemPrice>7.90</ItemPrice>
      <UnitOfMeasurePrice>7.90</UnitOfMeasurePrice>
      <AllowDiscount>1</AllowDiscount>
      <ItemStatus>1</ItemStatus>
    </Item>
    <Item>
      <PriceUpdateDate>2022-01-25 10:50</PriceUpdateDate>
      <ItemCode>7296073484479</ItemCode>
      <ItemType>1</ItemType>
      <ItemName>קפסולות לכביסה22 יחידות</ItemName>
      <ManufacturerName>גליל כימיקלים בעמ</ManufacturerName>
      <ManufactureCountry>IL</ManufactureCountry>
      <ManufacturerItemDescription>קפסולות לכביסה</ManufacturerItemDescription>
      <UnitQty>יחידה</UnitQty>
      <Quantity>1.00</Quantity>
      <bIsWeighted>0</bIsWeighted>
      <UnitOfMeasure>יחידה</UnitOfMeasure>
      <QtyInPackage>1</QtyInPackage>
      <ItemPrice>22.90</ItemPrice>
      <UnitOfMeasurePrice>22.90</UnitOfMeasurePrice>
      <AllowDiscount>1</AllowDiscount>
      <ItemStatus>1</ItemStatus>
    </Item>
    <Item>
      <PriceUpdateDate>2022-02-08 08:28</PriceUpdateDate>
      <ItemCode>7296073485629</ItemCode>
      <ItemType>1</ItemType>
      <ItemName>גרנולה בתוספת גרעינים300</ItemName>
      <ManufacturerName>אפקטבעי בע"\מ</ManufacturerName>
      <ManufactureCountry>IL</ManufactureCountry>
      <ManufacturerItemDescription>גרנולה בתוספת</ManufacturerItemDescription>
      <UnitQty>גרמים</UnitQty>
      <Quantity>300.00</Quantity>
      <bIsWeighted>0</bIsWeighted>
      <UnitOfMeasure>100 גרם</UnitOfMeasure>
      <QtyInPackage>1</QtyInPackage>
      <ItemPrice>17.90</ItemPrice>
      <UnitOfMeasurePrice>5.97</UnitOfMeasurePrice>
      <AllowDiscount>1</AllowDiscount>
      <ItemStatus>1</ItemStatus>
    </Item>
    <Item>
      <PriceUpdateDate>2021-11-19 08:18</PriceUpdateDate>
      <ItemCode>7296073497639</ItemCode>
      <ItemType>1</ItemType>
      <ItemName>ביסקוויט חיות 180 גרם</ItemName>
      <ManufacturerName>אפיפית נצרת (1971) בע"\מ</ManufacturerName>
      <ManufactureCountry>IL</ManufactureCountry>
      <ManufacturerItemDescription>ביסקוויט חיות</ManufacturerItemDescription>
      <UnitQty>גרמים</UnitQty>
      <Quantity>180.00</Quantity>
      <bIsWeighted>0</bIsWeighted>
      <UnitOfMeasure>100 גרם</UnitOfMeasure>
      <QtyInPackage>1</QtyInPackage>
      <ItemPrice>5.90</ItemPrice>
      <UnitOfMeasurePrice>3.28</UnitOfMeasurePrice>
      <AllowDiscount>1</AllowDiscount>
      <ItemStatus>1</ItemStatus>
    </Item>
    <Item>
      <PriceUpdateDate>2021-11-05 01:15</PriceUpdateDate>
      <ItemCode>7296073497738</ItemCode>
      <ItemType>1</ItemType>
      <ItemName>ש.שועל עבה ללא גלוטן500ג</ItemName>
      <ManufacturerName>כללי</ManufacturerName>
      <ManufactureCountry>IL</ManufactureCountry>
      <ManufacturerItemDescription>שבולת שועל עבה</ManufacturerItemDescription>
      <UnitQty>גרמים</UnitQty>
      <Quantity>500.00</Quantity>
      <bIsWeighted>0</bIsWeighted>
      <UnitOfMeasure>100 גרם</UnitOfMeasure>
      <QtyInPackage>1</QtyInPackage>
      <ItemPrice>18.90</ItemPrice>
      <UnitOfMeasurePrice>3.78</UnitOfMeasurePrice>
      <AllowDiscount>1</AllowDiscount>
      <ItemStatus>1</ItemStatus>
    </Item>
    <Item>
      <PriceUpdateDate>2021-12-16 06:42</PriceUpdateDate>
      <ItemCode>7296073514855</ItemCode>
      <ItemType>1</ItemType>
      <ItemName>משמש מיובש באריזת זיפר</ItemName>
      <ManufacturerName>PEYMAN</ManufacturerName>
      <ManufactureCountry>TR</ManufactureCountry>
      <ManufacturerItemDescription>משמש מיובש</ManufacturerItemDescription>
      <UnitQty>גרמים</UnitQty>
      <Quantity>200.00</Quantity>
      <bIsWeighted>0</bIsWeighted>
      <UnitOfMeasure>100 גרם</UnitOfMeasure>
      <QtyInPackage>1</QtyInPackage>
      <ItemPrice>14.90</ItemPrice>
      <UnitOfMeasurePrice>7.45</UnitOfMeasurePrice>
      <AllowDiscount>1</AllowDiscount>
      <ItemStatus>1</ItemStatus>
    </Item>
    <Item>
      <PriceUpdateDate>2022-05-03 01:06</PriceUpdateDate>
      <ItemCode>7296073514947</ItemCode>
      <ItemType>1</ItemType>
      <ItemName>קשיו ענק טבעי בצנצנת170ג</ItemName>
      <ManufacturerName>דין שיווק</ManufacturerName>
      <ManufactureCountry>US</ManufactureCountry>
      <ManufacturerItemDescription>קשיו ענק</ManufacturerItemDescription>
      <UnitQty>גרמים</UnitQty>
      <Quantity>170.00</Quantity>
      <bIsWeighted>0</bIsWeighted>
      <UnitOfMeasure>100 גרם</UnitOfMeasure>
      <QtyInPackage>1</QtyInPackage>
      <ItemPrice>26.90</ItemPrice>
      <UnitOfMeasurePrice>15.82</UnitOfMeasurePrice>
      <AllowDiscount>1</AllowDiscount>
      <ItemStatus>1</ItemStatus>
    </Item>
    <Item>
      <PriceUpdateDate>2023-03-05 09:04</PriceUpdateDate>
      <ItemCode>7296073515104</ItemCode>
      <ItemType>1</ItemType>
      <ItemName>סירופ סילאן בצנצנת 900 ג</ItemName>
      <ManufacturerName>טעמי הגליל בע"\מ</ManufacturerName>
      <ManufactureCountry>IL</ManufactureCountry>
      <ManufacturerItemDescription>סירופ סילאן</ManufacturerItemDescription>
      <UnitQty>גרמים</UnitQty>
      <Quantity>900.00</Quantity>
      <bIsWeighted>0</bIsWeighted>
      <UnitOfMeasure>100 גרם</UnitOfMeasure>
      <QtyInPackage>1</QtyInPackage>
      <ItemPrice>15.90</ItemPrice>
      <UnitOfMeasurePrice>1.77</UnitOfMeasurePrice>
      <AllowDiscount>1</AllowDiscount>
      <ItemStatus>1</ItemStatus>
    </Item>
    <Item>
      <PriceUpdateDate>2022-02-11 05:39</PriceUpdateDate>
      <ItemCode>7296073527282</ItemCode>
      <ItemType>1</ItemType>
      <ItemName>תירוש מיץ ענבים אדום750מ</ItemName>
      <ManufacturerName>כרם מהדרין</ManufacturerName>
      <ManufactureCountry>IL</ManufactureCountry>
      <ManufacturerItemDescription>תירוש מיץ ענבים</ManufacturerItemDescription>
      <UnitQty>מיליליטרים</UnitQty>
      <Quantity>750.00</Quantity>
      <bIsWeighted>0</bIsWeighted>
      <UnitOfMeasure>100 מ"ל</UnitOfMeasure>
      <QtyInPackage>1</QtyInPackage>
      <ItemPrice>13.90</ItemPrice>
      <UnitOfMeasurePrice>1.85</UnitOfMeasurePrice>
      <AllowDiscount>1</AllowDiscount>
      <ItemStatus>1</ItemStatus>
    </Item>
    <Item>
      <PriceUpdateDate>2023-01-31 12:19</PriceUpdateDate>
      <ItemCode>7296073527374</ItemCode>
      <ItemType>1</ItemType>
      <ItemName>גבינת גאודה מגורדת 400גר</ItemName>
      <ManufacturerName>ויליפוד</ManufacturerName>
      <ManufactureCountry>IL</ManufactureCountry>
      <ManufacturerItemDescription>גאודה מגורדת</ManufacturerItemDescription>
      <UnitQty>גרמים</UnitQty>
      <Quantity>400.00</Quantity>
      <bIsWeighted>0</bIsWeighted>
      <UnitOfMeasure>100 גרם</UnitOfMeasure>
      <QtyInPackage>1</QtyInPackage>
      <ItemPrice>24.90</ItemPrice>
      <UnitOfMeasurePrice>6.23</UnitOfMeasurePrice>
      <AllowDiscount>1</AllowDiscount>
      <ItemStatus>1</ItemStatus>
    </Item>
    <Item>
      <PriceUpdateDate>2022-04-05 09:54</PriceUpdateDate>
      <ItemCode>7296073528562</ItemCode>
      <ItemType>1</ItemType>
      <ItemName>בצק עלים 1 ק"ג</ItemName>
      <ManufacturerName>ARABATZIS</ManufacturerName>
      <ManufactureCountry>GR</ManufactureCountry>
      <ManufacturerItemDescription>בצק עלים</ManufacturerItemDescription>
      <UnitQty>קילוגרמים</UnitQty>
      <Quantity>1.00</Quantity>
      <bIsWeighted>0</bIsWeighted>
      <UnitOfMeasure>ק"ג</UnitOfMeasure>
      <QtyInPackage>1</QtyInPackage>
      <ItemPrice>19.90</ItemPrice>
      <UnitOfMeasurePrice>19.90</UnitOfMeasurePrice>
      <AllowDiscount>1</AllowDiscount>
      <ItemStatus>1</ItemStatus>
    </Item>
    <Item>
      <PriceUpdateDate>2023-04-11 04:20</PriceUpdateDate>
      <ItemCode>7296073530374</ItemCode>
      <ItemType>1</ItemType>
      <ItemName>טחינה אורגנית גרין 500 ג</ItemName>
      <ManufacturerName>אחדות</ManufacturerName>
      <ManufactureCountry>IL</ManufactureCountry>
      <ManufacturerItemDescription>טחינה אורגנית</ManufacturerItemDescription>
      <UnitQty>גרמים</UnitQty>
      <Quantity>500.00</Quantity>
      <bIsWeighted>0</bIsWeighted>
      <UnitOfMeasure>100 גרם</UnitOfMeasure>
      <QtyInPackage>1</QtyInPackage>
      <ItemPrice>10.00</ItemPrice>
      <UnitOfMeasurePrice>2.00</UnitOfMeasurePrice>
      <AllowDiscount>1</AllowDiscount>
      <ItemStatus>1</ItemStatus>
    </Item>
    <Item>
      <PriceUpdateDate>2023-04-11 04:20</PriceUpdateDate>
      <ItemCode>7296073530381</ItemCode>
      <ItemType>1</ItemType>
      <ItemName>טחינה אורגנית מלאה500ג</ItemName>
      <ManufacturerName>אחדות</ManufacturerName>
      <ManufactureCountry>IL</ManufactureCountry>
      <ManufacturerItemDescription>טחינה אורגנית</ManufacturerItemDescription>
      <UnitQty>גרמים</UnitQty>
      <Quantity>500.00</Quantity>
      <bIsWeighted>0</bIsWeighted>
      <UnitOfMeasure>100 גרם</UnitOfMeasure>
      <QtyInPackage>1</QtyInPackage>
      <ItemPrice>10.00</ItemPrice>
      <UnitOfMeasurePrice>2.00</UnitOfMeasurePrice>
      <AllowDiscount>1</AllowDiscount>
      <ItemStatus>1</ItemStatus>
    </Item>
    <Item>
      <PriceUpdateDate>2022-05-10 09:42</PriceUpdateDate>
      <ItemCode>7296073530398</ItemCode>
      <ItemType>1</ItemType>
      <ItemName>קמח כוסמין לבן מנופה 1קג</ItemName>
      <ManufacturerName>שטיבל בע"\מ</ManufacturerName>
      <ManufactureCountry>IL</ManufactureCountry>
      <ManufacturerItemDescription>קמח כוסמין לבן</ManufacturerItemDescription>
      <UnitQty>קילוגרמים</UnitQty>
      <Quantity>1.00</Quantity>
      <bIsWeighted>0</bIsWeighted>
      <UnitOfMeasure>ק"ג</UnitOfMeasure>
      <QtyInPackage>1</QtyInPackage>
      <ItemPrice>15.90</ItemPrice>
      <UnitOfMeasurePrice>15.90</UnitOfMeasurePrice>
      <AllowDiscount>1</AllowDiscount>
      <ItemStatus>1</ItemStatus>
    </Item>
    <Item>
      <PriceUpdateDate>2022-12-18 16:41</PriceUpdateDate>
      <ItemCode>7296073564812</ItemCode>
      <ItemType>1</ItemType>
      <ItemName>שוק.חלב עם קרם חלב100ג</ItemName>
      <ManufacturerName>דליקה</ManufacturerName>
      <ManufactureCountry>CH</ManufactureCountry>
      <ManufacturerItemDescription>שוקולד חלב</ManufacturerItemDescription>
      <UnitQty>גרמים</UnitQty>
      <Quantity>100.00</Quantity>
      <bIsWeighted>0</bIsWeighted>
      <UnitOfMeasure>100 גרם</UnitOfMeasure>
      <QtyInPackage>1</QtyInPackage>
      <ItemPrice>6.50</ItemPrice>
      <UnitOfMeasurePrice>6.50</UnitOfMeasurePrice>
      <AllowDiscount>1</AllowDiscount>
      <ItemStatus>1</ItemStatus>
    </Item>
    <Item>
      <PriceUpdateDate>2022-12-18 16:41</PriceUpdateDate>
      <ItemCode>7296073564829</ItemCode>
      <ItemType>1</ItemType>
      <ItemName>שוק.חלב+פצפוצי חיטה100גר</ItemName>
      <ManufacturerName>דליקה</ManufacturerName>
      <ManufactureCountry>CH</ManufactureCountry>
      <ManufacturerItemDescription>שוקולד חלב</ManufacturerItemDescription>
      <UnitQty>גרמים</UnitQty>
      <Quantity>100.00</Quantity>
      <bIsWeighted>0</bIsWeighted>
      <UnitOfMeasure>100 גרם</UnitOfMeasure>
      <QtyInPackage>1</QtyInPackage>
      <ItemPrice>6.50</ItemPrice>
      <UnitOfMeasurePrice>6.50</UnitOfMeasurePrice>
      <AllowDiscount>1</AllowDiscount>
      <ItemStatus>1</ItemStatus>
    </Item>
    <Item>
      <PriceUpdateDate>2023-02-12 13:40</PriceUpdateDate>
      <ItemCode>7296073565550</ItemCode>
      <ItemType>1</ItemType>
      <ItemName>קצפיות מרנג וניל 180 גרם</ItemName>
      <ManufacturerName>אחדות ביח"ר לטחינה</ManufacturerName>
      <ManufactureCountry>IL</ManufactureCountry>
      <ManufacturerItemDescription>קצפיות מרנג וניל</ManufacturerItemDescription>
      <UnitQty>גרמים</UnitQty>
      <Quantity>180.00</Quantity>
      <bIsWeighted>0</bIsWeighted>
      <UnitOfMeasure>100 גרם</UnitOfMeasure>
      <QtyInPackage>1</QtyInPackage>
      <ItemPrice>18.90</ItemPrice>
      <UnitOfMeasurePrice>10.50</UnitOfMeasurePrice>
      <AllowDiscount>1</AllowDiscount>
      <ItemStatus>1</ItemStatus>
    </Item>
    <Item>
      <PriceUpdateDate>2023-02-12 13:40</PriceUpdateDate>
      <ItemCode>7296073565567</ItemCode>
      <ItemType>1</ItemType>
      <ItemName>קצפיות מרנג טעם תות 180ג</ItemName>
      <ManufacturerName>אחדות ביח"ר לטחינה</ManufacturerName>
      <ManufactureCountry>IL</ManufactureCountry>
      <ManufacturerItemDescription>קצפיות מרנג תות</ManufacturerItemDescription>
      <UnitQty>גרמים</UnitQty>
      <Quantity>180.00</Quantity>
      <bIsWeighted>0</bIsWeighted>
      <UnitOfMeasure>100 גרם</UnitOfMeasure>
      <QtyInPackage>1</QtyInPackage>
      <ItemPrice>18.90</ItemPrice>
      <UnitOfMeasurePrice>10.50</UnitOfMeasurePrice>
      <AllowDiscount>1</AllowDiscount>
      <ItemStatus>1</ItemStatus>
    </Item>
    <Item>
      <PriceUpdateDate>2022-05-20 05:39</PriceUpdateDate>
      <ItemCode>7296073566298</ItemCode>
      <ItemType>1</ItemType>
      <ItemName>מטבעות שוקולד חלב 36 גרם</ItemName>
      <ManufacturerName>ואל קור קורסניני אס אנ ס</ManufacturerName>
      <ManufactureCountry>IT</ManufactureCountry>
      <ManufacturerItemDescription>מטבעות שוקולד</ManufacturerItemDescription>
      <UnitQty>גרמים</UnitQty>
      <Quantity>37.00</Quantity>
      <bIsWeighted>0</bIsWeighted>
      <UnitOfMeasure>100 גרם</UnitOfMeasure>
      <QtyInPackage>1</QtyInPackage>
      <ItemPrice>3.90</ItemPrice>
      <UnitOfMeasurePrice>10.54</UnitOfMeasurePrice>
      <AllowDiscount>1</AllowDiscount>
      <ItemStatus>1</ItemStatus>
    </Item>
    <Item>
      <PriceUpdateDate>2022-07-08 05:39</PriceUpdateDate>
      <ItemCode>7296073567080</ItemCode>
      <ItemType>1</ItemType>
      <ItemName>דגני בוקר במילוי נוגט300</ItemName>
      <ManufacturerName>נטורל קייקס בע"\מ</ManufacturerName>
      <ManufactureCountry>IL</ManufactureCountry>
      <ManufacturerItemDescription>דגני בוקר נוגט</ManufacturerItemDescription>
      <UnitQty>גרמים</UnitQty>
      <Quantity>300.00</Quantity>
      <bIsWeighted>0</bIsWeighted>
      <UnitOfMeasure>100 גרם</UnitOfMeasure>
      <QtyInPackage>1</QtyInPackage>
      <ItemPrice>13.90</ItemPrice>
      <UnitOfMeasurePrice>4.63</UnitOfMeasurePrice>
      <AllowDiscount>1</AllowDiscount>
      <ItemStatus>1</ItemStatus>
    </Item>
    <Item>
      <PriceUpdateDate>2022-07-15 05:37</PriceUpdateDate>
      <ItemCode>7296073579168</ItemCode>
      <ItemType>1</ItemType>
      <ItemName>חמאה צרפתית שופרסל 250 ג</ItemName>
      <ManufacturerName>SAS SILL</ManufacturerName>
      <ManufactureCountry>FR</ManufactureCountry>
      <ManufacturerItemDescription>חמאה צרפתית</ManufacturerItemDescription>
      <UnitQty>גרמים</UnitQty>
      <Quantity>250.00</Quantity>
      <bIsWeighted>0</bIsWeighted>
      <UnitOfMeasure>100 גרם</UnitOfMeasure>
      <QtyInPackage>1</QtyInPackage>
      <ItemPrice>14.90</ItemPrice>
      <UnitOfMeasurePrice>5.96</UnitOfMeasurePrice>
      <AllowDiscount>1</AllowDiscount>
      <ItemStatus>1</ItemStatus>
    </Item>
    <Item>
      <PriceUpdateDate>2023-02-15 16:15</PriceUpdateDate>
      <ItemCode>7296073579762</ItemCode>
      <ItemType>1</ItemType>
      <ItemName>כוס שתייה כוכבים כסף 50</ItemName>
      <ManufacturerName>כללי</ManufacturerName>
      <ManufactureCountry>CN</ManufactureCountry>
      <ManufacturerItemDescription>כוס שתיה</ManufacturerItemDescription>
      <UnitQty>יחידה</UnitQty>
      <Quantity>1.00</Quantity>
      <bIsWeighted>0</bIsWeighted>
      <UnitOfMeasure>יחידה</UnitOfMeasure>
      <QtyInPackage>1</QtyInPackage>
      <ItemPrice>12.90</ItemPrice>
      <UnitOfMeasurePrice>12.90</UnitOfMeasurePrice>
      <AllowDiscount>1</AllowDiscount>
      <ItemStatus>1</ItemStatus>
    </Item>
    <Item>
      <PriceUpdateDate>2022-09-04 09:50</PriceUpdateDate>
      <ItemCode>7296073590835</ItemCode>
      <ItemType>1</ItemType>
      <ItemName>חסה לבבות קיסר יחידה</ItemName>
      <ManufacturerName>פרסקו חצבה 2006 בע"\מ</ManufacturerName>
      <ManufactureCountry>IL</ManufactureCountry>
      <ManufacturerItemDescription>חסה לבבות קיסר</ManufacturerItemDescription>
      <UnitQty>גרמים</UnitQty>
      <Quantity>280.00</Quantity>
      <bIsWeighted>0</bIsWeighted>
      <UnitOfMeasure>100 גרם</UnitOfMeasure>
      <QtyInPackage>1</QtyInPackage>
      <ItemPrice>10.90</ItemPrice>
      <UnitOfMeasurePrice>3.89</UnitOfMeasurePrice>
      <AllowDiscount>1</AllowDiscount>
      <ItemStatus>1</ItemStatus>
    </Item>
    <Item>
      <PriceUpdateDate>2022-12-07 07:00</PriceUpdateDate>
      <ItemCode>72961506</ItemCode>
      <ItemType>1</ItemType>
      <ItemName>פרילי תות 1.5% 125 גרם</ItemName>
      <ManufacturerName>מחלבת אלון תבור</ManufacturerName>
      <ManufactureCountry>IL</ManufactureCountry>
      <ManufacturerItemDescription>פרילי תות</ManufacturerItemDescription>
      <UnitQty>גרמים</UnitQty>
      <Quantity>125.00</Quantity>
      <bIsWeighted>0</bIsWeighted>
      <UnitOfMeasure>100 גרם</UnitOfMeasure>
      <QtyInPackage>0</QtyInPackage>
      <ItemPrice>3.90</ItemPrice>
      <UnitOfMeasurePrice>3.12</UnitOfMeasurePrice>
      <AllowDiscount>1</AllowDiscount>
      <ItemStatus>1</ItemStatus>
    </Item>
    <Item>
      <PriceUpdateDate>2023-01-11 08:35</PriceUpdateDate>
      <ItemCode>72961544</ItemCode>
      <ItemType>1</ItemType>
      <ItemName>באדי תות 3% 125 גרם</ItemName>
      <ManufacturerName>מחלבת אלון תבור</ManufacturerName>
      <ManufactureCountry>IL</ManufactureCountry>
      <ManufacturerItemDescription>מעדן באדי תות 3%</ManufacturerItemDescription>
      <UnitQty>גרמים</UnitQty>
      <Quantity>125.00</Quantity>
      <bIsWeighted>0</bIsWeighted>
      <UnitOfMeasure>100 גרם</UnitOfMeasure>
      <QtyInPackage>0</QtyInPackage>
      <ItemPrice>3.10</ItemPrice>
      <UnitOfMeasurePrice>2.48</UnitOfMeasurePrice>
      <AllowDiscount>1</AllowDiscount>
      <ItemStatus>1</ItemStatus>
    </Item>
    <Item>
      <PriceUpdateDate>2022-12-07 07:00</PriceUpdateDate>
      <ItemCode>72963753</ItemCode>
      <ItemType>1</ItemType>
      <ItemName>שמ.של פעם חמוצה27% 200ג</ItemName>
      <ManufacturerName>תנובה</ManufacturerName>
      <ManufactureCountry>IL</ManufactureCountry>
      <ManufacturerItemDescription>שמנת חמוצה תנובה</ManufacturerItemDescription>
      <UnitQty>גרמים</UnitQty>
      <Quantity>200.00</Quantity>
      <bIsWeighted>0</bIsWeighted>
      <UnitOfMeasure>100 גרם</UnitOfMeasure>
      <QtyInPackage>0</QtyInPackage>
      <ItemPrice>4.20</ItemPrice>
      <UnitOfMeasurePrice>2.10</UnitOfMeasurePrice>
      <AllowDiscount>1</AllowDiscount>
      <ItemStatus>1</ItemStatus>
    </Item>
    <Item>
      <PriceUpdateDate>2018-11-19 07:51</PriceUpdateDate>
      <ItemCode>72991008</ItemCode>
      <ItemType>1</ItemType>
      <ItemName>פסק זמן חלב מגדים 45 גרם</ItemName>
      <ManufacturerName>עלית</ManufacturerName>
      <ManufactureCountry>IL</ManufactureCountry>
      <ManufacturerItemDescription>פסק זמן חלב</ManufacturerItemDescription>
      <UnitQty>גרמים</UnitQty>
      <Quantity>45.00</Quantity>
      <bIsWeighted>0</bIsWeighted>
      <UnitOfMeasure>100 גרם</UnitOfMeasure>
      <QtyInPackage>0</QtyInPackage>
      <ItemPrice>5.50</ItemPrice>
      <UnitOfMeasurePrice>12.22</UnitOfMeasurePrice>
      <AllowDiscount>1</AllowDiscount>
      <ItemStatus>1</ItemStatus>
    </Item>
    <Item>
      <PriceUpdateDate>2023-01-27 11:42</PriceUpdateDate>
      <ItemCode>72991374</ItemCode>
      <ItemType>1</ItemType>
      <ItemName>טיים רד</ItemName>
      <ManufacturerName />
      <ManufactureCountry>IL</ManufactureCountry>
      <ManufacturerItemDescription>טיים רד</ManufacturerItemDescription>
      <UnitQty>יחידה</UnitQty>
      <Quantity>1.00</Quantity>
      <bIsWeighted>0</bIsWeighted>
      <UnitOfMeasure>יחידה</UnitOfMeasure>
      <QtyInPackage>0</QtyInPackage>
      <ItemPrice>29.60</ItemPrice>
      <UnitOfMeasurePrice>29.60</UnitOfMeasurePrice>
      <AllowDiscount>0</AllowDiscount>
      <ItemStatus>1</ItemStatus>
    </Item>
    <Item>
      <PriceUpdateDate>2023-03-31 07:49</PriceUpdateDate>
      <ItemCode>7501013101362</ItemCode>
      <ItemType>1</ItemType>
      <ItemName>גומקס משקה קוקוס אננס473</ItemName>
      <ManufacturerName>חומקס קומר קומרסאליזדורה</ManufacturerName>
      <ManufactureCountry>MX</ManufactureCountry>
      <ManufacturerItemDescription>משקה קוקוס אננס</ManufacturerItemDescription>
      <UnitQty>מיליליטרים</UnitQty>
      <Quantity>473.00</Quantity>
      <bIsWeighted>0</bIsWeighted>
      <UnitOfMeasure>100 מ"ל</UnitOfMeasure>
      <QtyInPackage>1</QtyInPackage>
      <ItemPrice>8.00</ItemPrice>
      <UnitOfMeasurePrice>1.69</UnitOfMeasurePrice>
      <AllowDiscount>1</AllowDiscount>
      <ItemStatus>1</ItemStatus>
    </Item>
    <Item>
      <PriceUpdateDate>2023-03-31 07:49</PriceUpdateDate>
      <ItemCode>7501013101393</ItemCode>
      <ItemType>1</ItemType>
      <ItemName>ג'ומקס משקה אננס 473 מ"ל</ItemName>
      <ManufacturerName>חומקס קומר קומרסאליזדורה</ManufacturerName>
      <ManufactureCountry>MX</ManufactureCountry>
      <ManufacturerItemDescription>משקה ג'ומקס אננס</ManufacturerItemDescription>
      <UnitQty>מיליליטרים</UnitQty>
      <Quantity>473.00</Quantity>
      <bIsWeighted>0</bIsWeighted>
      <UnitOfMeasure>100 מ"ל</UnitOfMeasure>
      <QtyInPackage>1</QtyInPackage>
      <ItemPrice>8.00</ItemPrice>
      <UnitOfMeasurePrice>1.69</UnitOfMeasurePrice>
      <AllowDiscount>1</AllowDiscount>
      <ItemStatus>1</ItemStatus>
    </Item>
    <Item>
      <PriceUpdateDate>2023-03-31 07:49</PriceUpdateDate>
      <ItemCode>7501013122114</ItemCode>
      <ItemType>1</ItemType>
      <ItemName>ג'ומקס משקה אננס קרטון1ל</ItemName>
      <ManufacturerName>חומקס קומר קומרסאליזדורה</ManufacturerName>
      <ManufactureCountry>MX</ManufactureCountry>
      <ManufacturerItemDescription>משקה ג'ומקס אננס</ManufacturerItemDescription>
      <UnitQty>ליטרים</UnitQty>
      <Quantity>1.00</Quantity>
      <bIsWeighted>0</bIsWeighted>
      <UnitOfMeasure>ליטר</UnitOfMeasure>
      <QtyInPackage>1</QtyInPackage>
      <ItemPrice>9.80</ItemPrice>
      <UnitOfMeasurePrice>9.80</UnitOfMeasurePrice>
      <AllowDiscount>1</AllowDiscount>
      <ItemStatus>1</ItemStatus>
    </Item>
    <Item>
      <PriceUpdateDate>2023-04-16 10:20</PriceUpdateDate>
      <ItemCode>7501064191398</ItemCode>
      <ItemType>1</ItemType>
      <ItemName>בירה קורונה 6 * 355 מ"ל</ItemName>
      <ManufacturerName>סרבסריה מודלו</ManufacturerName>
      <ManufactureCountry>MX</ManufactureCountry>
      <ManufacturerItemDescription>בירה קורונה 6 יח</ManufacturerItemDescription>
      <UnitQty>ליטרים</UnitQty>
      <Quantity>2.13</Quantity>
      <bIsWeighted>0</bIsWeighted>
      <UnitOfMeasure>ליטר</UnitOfMeasure>
      <QtyInPackage>1</QtyInPackage>
      <ItemPrice>32.90</ItemPrice>
      <UnitOfMeasurePrice>15.45</UnitOfMeasurePrice>
      <AllowDiscount>1</AllowDiscount>
      <ItemStatus>1</ItemStatus>
    </Item>
    <Item>
      <PriceUpdateDate>2021-07-09 05:37</PriceUpdateDate>
      <ItemCode>7610113013250</ItemCode>
      <ItemType>1</ItemType>
      <ItemName>בקרדי מוחיטו פחית 250 מל</ItemName>
      <ManufacturerName>---</ManufacturerName>
      <ManufactureCountry>DE</ManufactureCountry>
      <ManufacturerItemDescription>בקרדי מוחיטו</ManufacturerItemDescription>
      <UnitQty>מיליליטרים</UnitQty>
      <Quantity>250.00</Quantity>
      <bIsWeighted>0</bIsWeighted>
      <UnitOfMeasure>100 מ"ל</UnitOfMeasure>
      <QtyInPackage>1</QtyInPackage>
      <ItemPrice>15.90</ItemPrice>
      <UnitOfMeasurePrice>6.36</UnitOfMeasurePrice>
      <AllowDiscount>1</AllowDiscount>
      <ItemStatus>1</ItemStatus>
    </Item>
    <Item>
      <PriceUpdateDate>2018-11-19 07:53</PriceUpdateDate>
      <ItemCode>7613036105545</ItemCode>
      <ItemType>1</ItemType>
      <ItemName>דוגלי גזע קטן 3 ק"ג</ItemName>
      <ManufacturerName>נסטלה פורינה</ManufacturerName>
      <ManufactureCountry>HU</ManufactureCountry>
      <ManufacturerItemDescription>דוגלי גזע קטן</ManufacturerItemDescription>
      <UnitQty>קילוגרמים</UnitQty>
      <Quantity>3.00</Quantity>
      <bIsWeighted>0</bIsWeighted>
      <UnitOfMeasure>ק"ג</UnitOfMeasure>
      <QtyInPackage>1</QtyInPackage>
      <ItemPrice>52.60</ItemPrice>
      <UnitOfMeasurePrice>17.53</UnitOfMeasurePrice>
      <AllowDiscount>1</AllowDiscount>
      <ItemStatus>1</ItemStatus>
    </Item>
    <Item>
      <PriceUpdateDate>2021-06-18 05:39</PriceUpdateDate>
      <ItemCode>7613287394323</ItemCode>
      <ItemType>1</ItemType>
      <ItemName>מולטי צ'יריוס 600 גרם</ItemName>
      <ManufacturerName>CPU</ManufacturerName>
      <ManufactureCountry>GB</ManufactureCountry>
      <ManufacturerItemDescription>מולטי צ'יריוס</ManufacturerItemDescription>
      <UnitQty>גרמים</UnitQty>
      <Quantity>600.00</Quantity>
      <bIsWeighted>0</bIsWeighted>
      <UnitOfMeasure>100 גרם</UnitOfMeasure>
      <QtyInPackage>1</QtyInPackage>
      <ItemPrice>25.90</ItemPrice>
      <UnitOfMeasurePrice>4.32</UnitOfMeasurePrice>
      <AllowDiscount>1</AllowDiscount>
      <ItemStatus>1</ItemStatus>
    </Item>
    <Item>
      <PriceUpdateDate>2023-04-16 10:20</PriceUpdateDate>
      <ItemCode>7616500642577</ItemCode>
      <ItemType>1</ItemType>
      <ItemName>שוקולד אגוזים</ItemName>
      <ManufacturerName>צוקולאט פריי אייץגיץ</ManufacturerName>
      <ManufactureCountry>CH</ManufactureCountry>
      <ManufacturerItemDescription>שוקולד אגוזים</ManufacturerItemDescription>
      <UnitQty>גרמים</UnitQty>
      <Quantity>300.00</Quantity>
      <bIsWeighted>0</bIsWeighted>
      <UnitOfMeasure>100 גרם</UnitOfMeasure>
      <QtyInPackage>0</QtyInPackage>
      <ItemPrice>14.90</ItemPrice>
      <UnitOfMeasurePrice>4.96</UnitOfMeasurePrice>
      <AllowDiscount>1</AllowDiscount>
      <ItemStatus>1</ItemStatus>
    </Item>
    <Item>
      <PriceUpdateDate>2021-03-12 07:55</PriceUpdateDate>
      <ItemCode>7622201137052</ItemCode>
      <ItemType>1</ItemType>
      <ItemName>מיני קוקיז מילקה 110 גרם</ItemName>
      <ManufacturerName>מונדלייז</ManufacturerName>
      <ManufactureCountry>ES</ManufactureCountry>
      <ManufacturerItemDescription>מיני קוקיז מילקה</ManufacturerItemDescription>
      <UnitQty>גרמים</UnitQty>
      <Quantity>110.00</Quantity>
      <bIsWeighted>0</bIsWeighted>
      <UnitOfMeasure>100 גרם</UnitOfMeasure>
      <QtyInPackage>1</QtyInPackage>
      <ItemPrice>9.90</ItemPrice>
      <UnitOfMeasurePrice>9.00</UnitOfMeasurePrice>
      <AllowDiscount>1</AllowDiscount>
      <ItemStatus>1</ItemStatus>
    </Item>
    <Item>
      <PriceUpdateDate>2020-03-31 13:59</PriceUpdateDate>
      <ItemCode>7622201139278</ItemCode>
      <ItemType>1</ItemType>
      <ItemName>גבינת פילדלפיה 25% 150גר</ItemName>
      <ManufacturerName>---</ManufacturerName>
      <ManufactureCountry>ES</ManufactureCountry>
      <ManufacturerItemDescription>גבינת פילדלפיה</ManufacturerItemDescription>
      <UnitQty>גרמים</UnitQty>
      <Quantity>150.00</Quantity>
      <bIsWeighted>0</bIsWeighted>
      <UnitOfMeasure>100 גרם</UnitOfMeasure>
      <QtyInPackage>1</QtyInPackage>
      <ItemPrice>15.90</ItemPrice>
      <UnitOfMeasurePrice>10.60</UnitOfMeasurePrice>
      <AllowDiscount>1</AllowDiscount>
      <ItemStatus>1</ItemStatus>
    </Item>
    <Item>
      <PriceUpdateDate>2021-10-08 06:48</PriceUpdateDate>
      <ItemCode>7622201798154</ItemCode>
      <ItemType>1</ItemType>
      <ItemName>גבינת פילדלפיה 13% 150גר</ItemName>
      <ManufacturerName>מונדולז</ManufacturerName>
      <ManufactureCountry>ES</ManufactureCountry>
      <ManufacturerItemDescription>גבינת פילדלפיה</ManufacturerItemDescription>
      <UnitQty>גרמים</UnitQty>
      <Quantity>150.00</Quantity>
      <bIsWeighted>0</bIsWeighted>
      <UnitOfMeasure>100 גרם</UnitOfMeasure>
      <QtyInPackage>1</QtyInPackage>
      <ItemPrice>15.90</ItemPrice>
      <UnitOfMeasurePrice>10.60</UnitOfMeasurePrice>
      <AllowDiscount>1</AllowDiscount>
      <ItemStatus>1</ItemStatus>
    </Item>
    <Item>
      <PriceUpdateDate>2018-11-19 07:51</PriceUpdateDate>
      <ItemCode>7622210835338</ItemCode>
      <ItemType>1</ItemType>
      <ItemName>עוגיות אוראו בראוניז176ג</ItemName>
      <ManufacturerName>מונדלייז</ManufacturerName>
      <ManufactureCountry>ES</ManufactureCountry>
      <ManufacturerItemDescription>עוגיות אוראו</ManufacturerItemDescription>
      <UnitQty>גרמים</UnitQty>
      <Quantity>176.00</Quantity>
      <bIsWeighted>0</bIsWeighted>
      <UnitOfMeasure>100 גרם</UnitOfMeasure>
      <QtyInPackage>1</QtyInPackage>
      <ItemPrice>10.20</ItemPrice>
      <UnitOfMeasurePrice>5.80</UnitOfMeasurePrice>
      <AllowDiscount>1</AllowDiscount>
      <ItemStatus>1</ItemStatus>
    </Item>
    <Item>
      <PriceUpdateDate>2021-07-23 05:38</PriceUpdateDate>
      <ItemCode>7640175743451</ItemCode>
      <ItemType>1</ItemType>
      <ItemName>בומביי ג'ין טוניק 250 מל</ItemName>
      <ManufacturerName>בומביי ספיריטס</ManufacturerName>
      <ManufactureCountry>GB</ManufactureCountry>
      <ManufacturerItemDescription>בומבי ג'ין טוניק</ManufacturerItemDescription>
      <UnitQty>מיליליטרים</UnitQty>
      <Quantity>250.00</Quantity>
      <bIsWeighted>0</bIsWeighted>
      <UnitOfMeasure>100 מ"ל</UnitOfMeasure>
      <QtyInPackage>1</QtyInPackage>
      <ItemPrice>15.90</ItemPrice>
      <UnitOfMeasurePrice>6.36</UnitOfMeasurePrice>
      <AllowDiscount>1</AllowDiscount>
      <ItemStatus>1</ItemStatus>
    </Item>
    <Item>
      <PriceUpdateDate>2018-11-19 07:51</PriceUpdateDate>
      <ItemCode>77245110610</ItemCode>
      <ItemType>1</ItemType>
      <ItemName>סוכריות מאסט מנטה 80 גרם</ItemName>
      <ManufacturerName>עלית</ManufacturerName>
      <ManufactureCountry>PL</ManufactureCountry>
      <ManufacturerItemDescription>סוכריות מאסט</ManufacturerItemDescription>
      <UnitQty>גרמים</UnitQty>
      <Quantity>80.00</Quantity>
      <bIsWeighted>0</bIsWeighted>
      <UnitOfMeasure>100 גרם</UnitOfMeasure>
      <QtyInPackage>0</QtyInPackage>
      <ItemPrice>8.90</ItemPrice>
      <UnitOfMeasurePrice>11.13</UnitOfMeasurePrice>
      <AllowDiscount>1</AllowDiscount>
      <ItemStatus>1</ItemStatus>
    </Item>
    <Item>
      <PriceUpdateDate>2022-03-01 07:55</PriceUpdateDate>
      <ItemCode>8000113003402</ItemCode>
      <ItemType>1</ItemType>
      <ItemName>קמח תירס</ItemName>
      <ManufacturerName />
      <ManufactureCountry>IT</ManufactureCountry>
      <ManufacturerItemDescription>קמח תירס</ManufacturerItemDescription>
      <UnitQty>קילוגרמים</UnitQty>
      <Quantity>1.00</Quantity>
      <bIsWeighted>0</bIsWeighted>
      <UnitOfMeasure>ק"ג</UnitOfMeasure>
      <QtyInPackage>0</QtyInPackage>
      <ItemPrice>16.90</ItemPrice>
      <UnitOfMeasurePrice>16.90</UnitOfMeasurePrice>
      <AllowDiscount>1</AllowDiscount>
      <ItemStatus>1</ItemStatus>
    </Item>
    <Item>
      <PriceUpdateDate>2023-04-14 09:13</PriceUpdateDate>
      <ItemCode>8000380004911</ItemCode>
      <ItemType>1</ItemType>
      <ItemName>ופלים קואדרטיני אגוז250ג</ItemName>
      <ManufacturerName>א. לואקר</ManufacturerName>
      <ManufactureCountry>AT</ManufactureCountry>
      <ManufacturerItemDescription>ופל קואדרטיני</ManufacturerItemDescription>
      <UnitQty>גרמים</UnitQty>
      <Quantity>250.00</Quantity>
      <bIsWeighted>0</bIsWeighted>
      <UnitOfMeasure>100 גרם</UnitOfMeasure>
      <QtyInPackage>0</QtyInPackage>
      <ItemPrice>16.80</ItemPrice>
      <UnitOfMeasurePrice>6.72</UnitOfMeasurePrice>
      <AllowDiscount>1</AllowDiscount>
      <ItemStatus>1</ItemStatus>
    </Item>
    <Item>
      <PriceUpdateDate>2023-04-14 09:13</PriceUpdateDate>
      <ItemCode>8000380153534</ItemCode>
      <ItemType>1</ItemType>
      <ItemName>טורטינה שוקולד לבן 125גר</ItemName>
      <ManufacturerName>א. לואקר אס. פי. אי-אי.</ManufacturerName>
      <ManufactureCountry>IT</ManufactureCountry>
      <ManufacturerItemDescription>טורטינה לבן</ManufacturerItemDescription>
      <UnitQty>גרמים</UnitQty>
      <Quantity>125.00</Quantity>
      <bIsWeighted>0</bIsWeighted>
      <UnitOfMeasure>100 גרם</UnitOfMeasure>
      <QtyInPackage>0</QtyInPackage>
      <ItemPrice>20.40</ItemPrice>
      <UnitOfMeasurePrice>16.32</UnitOfMeasurePrice>
      <AllowDiscount>1</AllowDiscount>
      <ItemStatus>1</ItemStatus>
    </Item>
    <Item>
      <PriceUpdateDate>2023-04-14 09:13</PriceUpdateDate>
      <ItemCode>8000380205400</ItemCode>
      <ItemType>1</ItemType>
      <ItemName>ופל קואדרטיני חמ.בוטנ250</ItemName>
      <ManufacturerName>א. לואקר</ManufacturerName>
      <ManufactureCountry>AT</ManufactureCountry>
      <ManufacturerItemDescription>וופל קואדרטיני</ManufacturerItemDescription>
      <UnitQty>גרמים</UnitQty>
      <Quantity>250.00</Quantity>
      <bIsWeighted>0</bIsWeighted>
      <UnitOfMeasure>100 גרם</UnitOfMeasure>
      <QtyInPackage>1</QtyInPackage>
      <ItemPrice>16.80</ItemPrice>
      <UnitOfMeasurePrice>6.72</UnitOfMeasurePrice>
      <AllowDiscount>1</AllowDiscount>
      <ItemStatus>1</ItemStatus>
    </Item>
    <Item>
      <PriceUpdateDate>2019-12-10 06:50</PriceUpdateDate>
      <ItemCode>8000500009673</ItemCode>
      <ItemType>1</ItemType>
      <ItemName>בונבוניירה רושה 300 גרם</ItemName>
      <ManufacturerName>פררו</ManufacturerName>
      <ManufactureCountry>IT</ManufactureCountry>
      <ManufacturerItemDescription>בונבוניירת רושה</ManufacturerItemDescription>
      <UnitQty>גרמים</UnitQty>
      <Quantity>300.00</Quantity>
      <bIsWeighted>0</bIsWeighted>
      <UnitOfMeasure>100 גרם</UnitOfMeasure>
      <QtyInPackage>0</QtyInPackage>
      <ItemPrice>51.90</ItemPrice>
      <UnitOfMeasurePrice>17.30</UnitOfMeasurePrice>
      <AllowDiscount>1</AllowDiscount>
      <ItemStatus>1</ItemStatus>
    </Item>
    <Item>
      <PriceUpdateDate>2023-01-02 08:18</PriceUpdateDate>
      <ItemCode>8000500026731</ItemCode>
      <ItemType>1</ItemType>
      <ItemName>ביצי הפתעה קינדר 20*3 גר</ItemName>
      <ManufacturerName>פררו</ManufacturerName>
      <ManufactureCountry>IT</ManufactureCountry>
      <ManufacturerItemDescription>ביצי הפתעה קינדר</ManufacturerItemDescription>
      <UnitQty>גרמים</UnitQty>
      <Quantity>60.00</Quantity>
      <bIsWeighted>0</bIsWeighted>
      <UnitOfMeasure>100 גרם</UnitOfMeasure>
      <QtyInPackage>1</QtyInPackage>
      <ItemPrice>17.00</ItemPrice>
      <UnitOfMeasurePrice>28.33</UnitOfMeasurePrice>
      <AllowDiscount>1</AllowDiscount>
      <ItemStatus>1</ItemStatus>
    </Item>
    <Item>
      <PriceUpdateDate>2023-01-02 08:18</PriceUpdateDate>
      <ItemCode>8000500256213</ItemCode>
      <ItemType>1</ItemType>
      <ItemName>שוקולד מיני קינדר 120גרם</ItemName>
      <ManufacturerName>פררו</ManufacturerName>
      <ManufactureCountry>IT</ManufactureCountry>
      <ManufacturerItemDescription>שוקולד מיני</ManufacturerItemDescription>
      <UnitQty>גרמים</UnitQty>
      <Quantity>120.00</Quantity>
      <bIsWeighted>0</bIsWeighted>
      <UnitOfMeasure>100 גרם</UnitOfMeasure>
      <QtyInPackage>1</QtyInPackage>
      <ItemPrice>11.90</ItemPrice>
      <UnitOfMeasurePrice>9.92</UnitOfMeasurePrice>
      <AllowDiscount>1</AllowDiscount>
      <ItemStatus>1</ItemStatus>
    </Item>
    <Item>
      <PriceUpdateDate>2018-11-19 07:51</PriceUpdateDate>
      <ItemCode>8000500267103</ItemCode>
      <ItemType>1</ItemType>
      <ItemName>עוגות אישי.קינדר דליס390</ItemName>
      <ManufacturerName>פררו</ManufacturerName>
      <ManufactureCountry>IT</ManufactureCountry>
      <ManufacturerItemDescription>עוגות קינדר דליס</ManufacturerItemDescription>
      <UnitQty>גרמים</UnitQty>
      <Quantity>390.00</Quantity>
      <bIsWeighted>0</bIsWeighted>
      <UnitOfMeasure>100 גרם</UnitOfMeasure>
      <QtyInPackage>1</QtyInPackage>
      <ItemPrice>20.90</ItemPrice>
      <UnitOfMeasurePrice>5.36</UnitOfMeasurePrice>
      <AllowDiscount>1</AllowDiscount>
      <ItemStatus>1</ItemStatus>
    </Item>
    <Item>
      <PriceUpdateDate>2022-07-01 05:46</PriceUpdateDate>
      <ItemCode>8000500269169</ItemCode>
      <ItemType>1</ItemType>
      <ItemName>קינדר קארדס 128 גרם</ItemName>
      <ManufacturerName>---</ManufacturerName>
      <ManufactureCountry>IT</ManufactureCountry>
      <ManufacturerItemDescription>קינדר קארדס</ManufacturerItemDescription>
      <UnitQty>גרמים</UnitQty>
      <Quantity>128.00</Quantity>
      <bIsWeighted>0</bIsWeighted>
      <UnitOfMeasure>100 גרם</UnitOfMeasure>
      <QtyInPackage>1</QtyInPackage>
      <ItemPrice>13.90</ItemPrice>
      <UnitOfMeasurePrice>10.86</UnitOfMeasurePrice>
      <AllowDiscount>1</AllowDiscount>
      <ItemStatus>1</ItemStatus>
    </Item>
    <Item>
      <PriceUpdateDate>2023-01-13 08:56</PriceUpdateDate>
      <ItemCode>8000500366073</ItemCode>
      <ItemType>1</ItemType>
      <ItemName>ביסקוויט נוטלה 276 גרם</ItemName>
      <ManufacturerName>---</ManufacturerName>
      <ManufactureCountry>IT</ManufactureCountry>
      <ManufacturerItemDescription>ביסקוויט נוטלה</ManufacturerItemDescription>
      <UnitQty>גרמים</UnitQty>
      <Quantity>276.00</Quantity>
      <bIsWeighted>0</bIsWeighted>
      <UnitOfMeasure>100 גרם</UnitOfMeasure>
      <QtyInPackage>1</QtyInPackage>
      <ItemPrice>21.90</ItemPrice>
      <UnitOfMeasurePrice>7.93</UnitOfMeasurePrice>
      <AllowDiscount>1</AllowDiscount>
      <ItemStatus>1</ItemStatus>
    </Item>
    <Item>
      <PriceUpdateDate>2023-04-14 09:13</PriceUpdateDate>
      <ItemCode>8001003100164</ItemCode>
      <ItemType>1</ItemType>
      <ItemName>סוכ.ג'לי בטעמי פירות450ג</ItemName>
      <ManufacturerName>סרג'יאטו</ManufacturerName>
      <ManufactureCountry>IT</ManufactureCountry>
      <ManufacturerItemDescription>סוכריות ג'לי</ManufacturerItemDescription>
      <UnitQty>גרמים</UnitQty>
      <Quantity>450.00</Quantity>
      <bIsWeighted>0</bIsWeighted>
      <UnitOfMeasure>100 גרם</UnitOfMeasure>
      <QtyInPackage>1</QtyInPackage>
      <ItemPrice>15.30</ItemPrice>
      <UnitOfMeasurePrice>3.40</UnitOfMeasurePrice>
      <AllowDiscount>1</AllowDiscount>
      <ItemStatus>1</ItemStatus>
    </Item>
    <Item>
      <PriceUpdateDate>2023-01-05 09:56</PriceUpdateDate>
      <ItemCode>8004030026018</ItemCode>
      <ItemType>1</ItemType>
      <ItemName>סלט מקסיקני עם טונה 160ג</ItemName>
      <ManufacturerName>בולטון אלימנטרי בע"\מ</ManufacturerName>
      <ManufactureCountry>IT</ManufactureCountry>
      <ManufacturerItemDescription>סלט עם טונה</ManufacturerItemDescription>
      <UnitQty>גרמים</UnitQty>
      <Quantity>160.00</Quantity>
      <bIsWeighted>0</bIsWeighted>
      <UnitOfMeasure>100 גרם</UnitOfMeasure>
      <QtyInPackage>1</QtyInPackage>
      <ItemPrice>18.50</ItemPrice>
      <UnitOfMeasurePrice>11.56</UnitOfMeasurePrice>
      <AllowDiscount>1</AllowDiscount>
      <ItemStatus>1</ItemStatus>
    </Item>
    <Item>
      <PriceUpdateDate>2023-01-02 08:18</PriceUpdateDate>
      <ItemCode>80050278</ItemCode>
      <ItemType>1</ItemType>
      <ItemName>פררו רושה שלשה 38 גרם</ItemName>
      <ManufacturerName>פררו</ManufacturerName>
      <ManufactureCountry>IT</ManufactureCountry>
      <ManufacturerItemDescription>פררו רושה שלשה</ManufacturerItemDescription>
      <UnitQty>גרמים</UnitQty>
      <Quantity>37.00</Quantity>
      <bIsWeighted>0</bIsWeighted>
      <UnitOfMeasure>100 גרם</UnitOfMeasure>
      <QtyInPackage>0</QtyInPackage>
      <ItemPrice>6.20</ItemPrice>
      <UnitOfMeasurePrice>16.76</UnitOfMeasurePrice>
      <AllowDiscount>1</AllowDiscount>
      <ItemStatus>1</ItemStatus>
    </Item>
    <Item>
      <PriceUpdateDate>2023-01-02 08:18</PriceUpdateDate>
      <ItemCode>80052487</ItemCode>
      <ItemType>1</ItemType>
      <ItemName>חטיף+ציפוי קוקוס רפאלו30</ItemName>
      <ManufacturerName>פררו</ManufacturerName>
      <ManufactureCountry>PL</ManufactureCountry>
      <ManufacturerItemDescription>חטיף רפאלו</ManufacturerItemDescription>
      <UnitQty>גרמים</UnitQty>
      <Quantity>30.00</Quantity>
      <bIsWeighted>0</bIsWeighted>
      <UnitOfMeasure>100 גרם</UnitOfMeasure>
      <QtyInPackage>0</QtyInPackage>
      <ItemPrice>5.90</ItemPrice>
      <UnitOfMeasurePrice>19.67</UnitOfMeasurePrice>
      <AllowDiscount>1</AllowDiscount>
      <ItemStatus>1</ItemStatus>
    </Item>
    <Item>
      <PriceUpdateDate>2023-01-02 08:18</PriceUpdateDate>
      <ItemCode>80052760</ItemCode>
      <ItemType>1</ItemType>
      <ItemName>קינדר בואנו 2 * 21.5 גרם</ItemName>
      <ManufacturerName>פררו</ManufacturerName>
      <ManufactureCountry>PL</ManufactureCountry>
      <ManufacturerItemDescription>קינדר בואנו זוג</ManufacturerItemDescription>
      <UnitQty>גרמים</UnitQty>
      <Quantity>43.00</Quantity>
      <bIsWeighted>0</bIsWeighted>
      <UnitOfMeasure>100 גרם</UnitOfMeasure>
      <QtyInPackage>0</QtyInPackage>
      <ItemPrice>5.30</ItemPrice>
      <UnitOfMeasurePrice>12.33</UnitOfMeasurePrice>
      <AllowDiscount>1</AllowDiscount>
      <ItemStatus>1</ItemStatus>
    </Item>
    <Item>
      <PriceUpdateDate>2023-01-11 08:45</PriceUpdateDate>
      <ItemCode>80136194</ItemCode>
      <ItemType>1</ItemType>
      <ItemName>הפי היפו אגוזי לוז 23*5ג</ItemName>
      <ManufacturerName>פררו</ManufacturerName>
      <ManufactureCountry>DE</ManufactureCountry>
      <ManufacturerItemDescription>חטיף הפי היפו5יח</ManufacturerItemDescription>
      <UnitQty>גרמים</UnitQty>
      <Quantity>115.00</Quantity>
      <bIsWeighted>0</bIsWeighted>
      <UnitOfMeasure>100 גרם</UnitOfMeasure>
      <QtyInPackage>1</QtyInPackage>
      <ItemPrice>14.90</ItemPrice>
      <UnitOfMeasurePrice>12.96</UnitOfMeasurePrice>
      <AllowDiscount>1</AllowDiscount>
      <ItemStatus>1</ItemStatus>
    </Item>
    <Item>
      <PriceUpdateDate>2018-11-19 07:51</PriceUpdateDate>
      <ItemCode>8014515330059</ItemCode>
      <ItemType>1</ItemType>
      <ItemName>עגבניות שלמות מקולפות400</ItemName>
      <ManufacturerName>שופרסל-ייבוא</ManufacturerName>
      <ManufactureCountry>IT</ManufactureCountry>
      <ManufacturerItemDescription>עגבניות שלמות</ManufacturerItemDescription>
      <UnitQty>גרמים</UnitQty>
      <Quantity>400.00</Quantity>
      <bIsWeighted>0</bIsWeighted>
      <UnitOfMeasure>100 גרם</UnitOfMeasure>
      <QtyInPackage>0</QtyInPackage>
      <ItemPrice>6.70</ItemPrice>
      <UnitOfMeasurePrice>1.68</UnitOfMeasurePrice>
      <AllowDiscount>1</AllowDiscount>
      <ItemStatus>1</ItemStatus>
    </Item>
    <Item>
      <PriceUpdateDate>2023-01-02 08:18</PriceUpdateDate>
      <ItemCode>80176800</ItemCode>
      <ItemType>1</ItemType>
      <ItemName>נוטלה ממרח שוקולד 750 גר</ItemName>
      <ManufacturerName>פררו</ManufacturerName>
      <ManufactureCountry>IT</ManufactureCountry>
      <ManufacturerItemDescription>ממרח נוטלה</ManufacturerItemDescription>
      <UnitQty>גרמים</UnitQty>
      <Quantity>750.00</Quantity>
      <bIsWeighted>0</bIsWeighted>
      <UnitOfMeasure>100 גרם</UnitOfMeasure>
      <QtyInPackage>0</QtyInPackage>
      <ItemPrice>28.00</ItemPrice>
      <UnitOfMeasurePrice>3.73</UnitOfMeasurePrice>
      <AllowDiscount>1</AllowDiscount>
      <ItemStatus>1</ItemStatus>
    </Item>
    <Item>
      <PriceUpdateDate>2023-01-02 08:18</PriceUpdateDate>
      <ItemCode>80177173</ItemCode>
      <ItemType>1</ItemType>
      <ItemName>ממרח נוטלה 350 גרם</ItemName>
      <ManufacturerName>פררו</ManufacturerName>
      <ManufactureCountry>IT</ManufactureCountry>
      <ManufacturerItemDescription>ממרח נוטלה</ManufacturerItemDescription>
      <UnitQty>גרמים</UnitQty>
      <Quantity>350.00</Quantity>
      <bIsWeighted>0</bIsWeighted>
      <UnitOfMeasure>100 גרם</UnitOfMeasure>
      <QtyInPackage>0</QtyInPackage>
      <ItemPrice>16.90</ItemPrice>
      <UnitOfMeasurePrice>4.83</UnitOfMeasurePrice>
      <AllowDiscount>1</AllowDiscount>
      <ItemStatus>1</ItemStatus>
    </Item>
    <Item>
      <PriceUpdateDate>2023-01-02 08:18</PriceUpdateDate>
      <ItemCode>80177609</ItemCode>
      <ItemType>1</ItemType>
      <ItemName>אצבעות שוקולד קינדר50גרם</ItemName>
      <ManufacturerName>פררו</ManufacturerName>
      <ManufactureCountry>IT</ManufactureCountry>
      <ManufacturerItemDescription>אצבעות קינדר</ManufacturerItemDescription>
      <UnitQty>גרמים</UnitQty>
      <Quantity>50.00</Quantity>
      <bIsWeighted>0</bIsWeighted>
      <UnitOfMeasure>100 גרם</UnitOfMeasure>
      <QtyInPackage>0</QtyInPackage>
      <ItemPrice>5.30</ItemPrice>
      <UnitOfMeasurePrice>10.60</UnitOfMeasurePrice>
      <AllowDiscount>1</AllowDiscount>
      <ItemStatus>1</ItemStatus>
    </Item>
    <Item>
      <PriceUpdateDate>2018-11-19 07:51</PriceUpdateDate>
      <ItemCode>80273592</ItemCode>
      <ItemType>1</ItemType>
      <ItemName>פלפל 4 העונות במטחנה 35ג</ItemName>
      <ManufacturerName>דרוגיה ואלימנטרי אס.אר.א</ManufacturerName>
      <ManufactureCountry>IT</ManufactureCountry>
      <ManufacturerItemDescription>פלפל</ManufacturerItemDescription>
      <UnitQty>גרמים</UnitQty>
      <Quantity>35.00</Quantity>
      <bIsWeighted>0</bIsWeighted>
      <UnitOfMeasure>100 גרם</UnitOfMeasure>
      <QtyInPackage>0</QtyInPackage>
      <ItemPrice>13.80</ItemPrice>
      <UnitOfMeasurePrice>39.43</UnitOfMeasurePrice>
      <AllowDiscount>1</AllowDiscount>
      <ItemStatus>1</ItemStatus>
    </Item>
    <Item>
      <PriceUpdateDate>2023-01-02 08:18</PriceUpdateDate>
      <ItemCode>80761761</ItemCode>
      <ItemType>1</ItemType>
      <ItemName>קינדר בואנו לבן 19.5*2גר</ItemName>
      <ManufacturerName>פררו</ManufacturerName>
      <ManufactureCountry>PL</ManufactureCountry>
      <ManufacturerItemDescription>קינדר בואנו לבן</ManufacturerItemDescription>
      <UnitQty>גרמים</UnitQty>
      <Quantity>39.00</Quantity>
      <bIsWeighted>0</bIsWeighted>
      <UnitOfMeasure>100 גרם</UnitOfMeasure>
      <QtyInPackage>0</QtyInPackage>
      <ItemPrice>5.30</ItemPrice>
      <UnitOfMeasurePrice>13.59</UnitOfMeasurePrice>
      <AllowDiscount>1</AllowDiscount>
      <ItemStatus>1</ItemStatus>
    </Item>
    <Item>
      <PriceUpdateDate>2018-11-19 07:51</PriceUpdateDate>
      <ItemCode>8076800195057</ItemCode>
      <ItemType>1</ItemType>
      <ItemName>ספגטי מס' 5 ברילה500גר</ItemName>
      <ManufacturerName>ברילה גי.אי.אר פרטלי ס.פ</ManufacturerName>
      <ManufactureCountry>IT</ManufactureCountry>
      <ManufacturerItemDescription>ספגטי מס 5 ברילה</ManufacturerItemDescription>
      <UnitQty>גרמים</UnitQty>
      <Quantity>500.00</Quantity>
      <bIsWeighted>0</bIsWeighted>
      <UnitOfMeasure>100 גרם</UnitOfMeasure>
      <QtyInPackage>0</QtyInPackage>
      <ItemPrice>7.90</ItemPrice>
      <UnitOfMeasurePrice>1.58</UnitOfMeasurePrice>
      <AllowDiscount>1</AllowDiscount>
      <ItemStatus>1</ItemStatus>
    </Item>
    <Item>
      <PriceUpdateDate>2018-11-19 07:51</PriceUpdateDate>
      <ItemCode>8076802085738</ItemCode>
      <ItemType>1</ItemType>
      <ItemName>פנה ריגטה מס73' 500 גרם</ItemName>
      <ManufacturerName>ברילה גי.אי.אר פרטלי ס.פ</ManufacturerName>
      <ManufactureCountry>IT</ManufactureCountry>
      <ManufacturerItemDescription>פנה ריגטה ברילה</ManufacturerItemDescription>
      <UnitQty>גרמים</UnitQty>
      <Quantity>500.00</Quantity>
      <bIsWeighted>0</bIsWeighted>
      <UnitOfMeasure>100 גרם</UnitOfMeasure>
      <QtyInPackage>0</QtyInPackage>
      <ItemPrice>7.90</ItemPrice>
      <UnitOfMeasurePrice>1.58</UnitOfMeasurePrice>
      <AllowDiscount>1</AllowDiscount>
      <ItemStatus>1</ItemStatus>
    </Item>
    <Item>
      <PriceUpdateDate>2018-11-19 07:51</PriceUpdateDate>
      <ItemCode>8076802085981</ItemCode>
      <ItemType>1</ItemType>
      <ItemName>פסטה פוזילי מס98' 500גרם</ItemName>
      <ManufacturerName>ברילה גי.אי.אר פרטלי ס.פ</ManufacturerName>
      <ManufactureCountry>IT</ManufactureCountry>
      <ManufacturerItemDescription>פוזילי ברילה</ManufacturerItemDescription>
      <UnitQty>גרמים</UnitQty>
      <Quantity>500.00</Quantity>
      <bIsWeighted>0</bIsWeighted>
      <UnitOfMeasure>100 גרם</UnitOfMeasure>
      <QtyInPackage>0</QtyInPackage>
      <ItemPrice>7.90</ItemPrice>
      <UnitOfMeasurePrice>1.58</UnitOfMeasurePrice>
      <AllowDiscount>1</AllowDiscount>
      <ItemStatus>1</ItemStatus>
    </Item>
    <Item>
      <PriceUpdateDate>2018-11-19 07:51</PriceUpdateDate>
      <ItemCode>8076808050440</ItemCode>
      <ItemType>1</ItemType>
      <ItemName>פסטה מקרוני מס44' 500 גר</ItemName>
      <ManufacturerName>ברילה</ManufacturerName>
      <ManufactureCountry>IT</ManufactureCountry>
      <ManufacturerItemDescription>מקרוני ברילה</ManufacturerItemDescription>
      <UnitQty>גרמים</UnitQty>
      <Quantity>500.00</Quantity>
      <bIsWeighted>0</bIsWeighted>
      <UnitOfMeasure>100 גרם</UnitOfMeasure>
      <QtyInPackage>0</QtyInPackage>
      <ItemPrice>7.90</ItemPrice>
      <UnitOfMeasurePrice>1.58</UnitOfMeasurePrice>
      <AllowDiscount>1</AllowDiscount>
      <ItemStatus>1</ItemStatus>
    </Item>
    <Item>
      <PriceUpdateDate>2022-01-25 10:50</PriceUpdateDate>
      <ItemCode>8076809513692</ItemCode>
      <ItemType>1</ItemType>
      <ItemName>רוטב לפסטה נפוליטנה400גר</ItemName>
      <ManufacturerName>ברילה גי.אי.אר פרטלי ס.פ</ManufacturerName>
      <ManufactureCountry>IT</ManufactureCountry>
      <ManufacturerItemDescription>רוטב לפסטה</ManufacturerItemDescription>
      <UnitQty>גרמים</UnitQty>
      <Quantity>400.00</Quantity>
      <bIsWeighted>0</bIsWeighted>
      <UnitOfMeasure>100 גרם</UnitOfMeasure>
      <QtyInPackage>0</QtyInPackage>
      <ItemPrice>16.90</ItemPrice>
      <UnitOfMeasurePrice>4.23</UnitOfMeasurePrice>
      <AllowDiscount>1</AllowDiscount>
      <ItemStatus>1</ItemStatus>
    </Item>
    <Item>
      <PriceUpdateDate>2022-01-25 10:50</PriceUpdateDate>
      <ItemCode>8076809513739</ItemCode>
      <ItemType>1</ItemType>
      <ItemName>רוטב בזיליקום ברילה400גר</ItemName>
      <ManufacturerName>ברילה גי.אי.אר פרטלי ס.פ</ManufacturerName>
      <ManufactureCountry>IT</ManufactureCountry>
      <ManufacturerItemDescription>רוטב בזיליקום</ManufacturerItemDescription>
      <UnitQty>גרמים</UnitQty>
      <Quantity>400.00</Quantity>
      <bIsWeighted>0</bIsWeighted>
      <UnitOfMeasure>100 גרם</UnitOfMeasure>
      <QtyInPackage>0</QtyInPackage>
      <ItemPrice>16.90</ItemPrice>
      <UnitOfMeasurePrice>4.23</UnitOfMeasurePrice>
      <AllowDiscount>1</AllowDiscount>
      <ItemStatus>1</ItemStatus>
    </Item>
    <Item>
      <PriceUpdateDate>2023-04-14 09:13</PriceUpdateDate>
      <ItemCode>80790990</ItemCode>
      <ItemType>1</ItemType>
      <ItemName>מסטיק פירות מנטה בקבוק</ItemName>
      <ManufacturerName>פרפטי ואן מלה ג'\ידה,סאן</ManufacturerName>
      <ManufactureCountry>TR</ManufactureCountry>
      <ManufacturerItemDescription>מסטיק מנטוס</ManufacturerItemDescription>
      <UnitQty>גרמים</UnitQty>
      <Quantity>60.00</Quantity>
      <bIsWeighted>0</bIsWeighted>
      <UnitOfMeasure>100 גרם</UnitOfMeasure>
      <QtyInPackage>1</QtyInPackage>
      <ItemPrice>12.00</ItemPrice>
      <UnitOfMeasurePrice>20.00</UnitOfMeasurePrice>
      <AllowDiscount>1</AllowDiscount>
      <ItemStatus>1</ItemStatus>
    </Item>
    <Item>
      <PriceUpdateDate>2023-04-14 09:13</PriceUpdateDate>
      <ItemCode>80864295</ItemCode>
      <ItemType>1</ItemType>
      <ItemName>מנטוס פיורוויט מנטה עדין</ItemName>
      <ManufacturerName>פרפטי ואן מלה ג'ידה,סאן</ManufacturerName>
      <ManufactureCountry>TR</ManufactureCountry>
      <ManufacturerItemDescription>מנטוס פיור וויט</ManufacturerItemDescription>
      <UnitQty>גרמים</UnitQty>
      <Quantity>60.00</Quantity>
      <bIsWeighted>0</bIsWeighted>
      <UnitOfMeasure>100 גרם</UnitOfMeasure>
      <QtyInPackage>1</QtyInPackage>
      <ItemPrice>12.00</ItemPrice>
      <UnitOfMeasurePrice>20.00</UnitOfMeasurePrice>
      <AllowDiscount>1</AllowDiscount>
      <ItemStatus>1</ItemStatus>
    </Item>
    <Item>
      <PriceUpdateDate>2023-04-14 09:13</PriceUpdateDate>
      <ItemCode>80896081</ItemCode>
      <ItemType>1</ItemType>
      <ItemName>מסטיק מנטוס אבטיח60גרם</ItemName>
      <ManufacturerName>פרפטי ואן מלה ג'\ידה,סאן</ManufacturerName>
      <ManufactureCountry>TR</ManufactureCountry>
      <ManufacturerItemDescription>מנטוס בקבוק</ManufacturerItemDescription>
      <UnitQty>גרמים</UnitQty>
      <Quantity>60.00</Quantity>
      <bIsWeighted>0</bIsWeighted>
      <UnitOfMeasure>100 גרם</UnitOfMeasure>
      <QtyInPackage>1</QtyInPackage>
      <ItemPrice>12.00</ItemPrice>
      <UnitOfMeasurePrice>20.00</UnitOfMeasurePrice>
      <AllowDiscount>1</AllowDiscount>
      <ItemStatus>1</ItemStatus>
    </Item>
    <Item>
      <PriceUpdateDate>2023-04-14 09:13</PriceUpdateDate>
      <ItemCode>80913467</ItemCode>
      <ItemType>1</ItemType>
      <ItemName>מסטיק מנטוס מנטה בקבוק60</ItemName>
      <ManufacturerName>פרפטי ואן מלה</ManufacturerName>
      <ManufactureCountry>TR</ManufactureCountry>
      <ManufacturerItemDescription>מסטיק מנטוס</ManufacturerItemDescription>
      <UnitQty>גרמים</UnitQty>
      <Quantity>60.00</Quantity>
      <bIsWeighted>0</bIsWeighted>
      <UnitOfMeasure>100 גרם</UnitOfMeasure>
      <QtyInPackage>1</QtyInPackage>
      <ItemPrice>12.00</ItemPrice>
      <UnitOfMeasurePrice>20.00</UnitOfMeasurePrice>
      <AllowDiscount>1</AllowDiscount>
      <ItemStatus>1</ItemStatus>
    </Item>
    <Item>
      <PriceUpdateDate>2023-04-14 09:13</PriceUpdateDate>
      <ItemCode>80979128</ItemCode>
      <ItemType>1</ItemType>
      <ItemName>מסטיק פיורפרש דובדבן60ג</ItemName>
      <ManufacturerName>---</ManufacturerName>
      <ManufactureCountry>TR</ManufactureCountry>
      <ManufacturerItemDescription>מסטיק מנטוס</ManufacturerItemDescription>
      <UnitQty>גרמים</UnitQty>
      <Quantity>60.00</Quantity>
      <bIsWeighted>0</bIsWeighted>
      <UnitOfMeasure>100 גרם</UnitOfMeasure>
      <QtyInPackage>1</QtyInPackage>
      <ItemPrice>12.00</ItemPrice>
      <UnitOfMeasurePrice>20.00</UnitOfMeasurePrice>
      <AllowDiscount>1</AllowDiscount>
      <ItemStatus>1</ItemStatus>
    </Item>
    <Item>
      <PriceUpdateDate>2023-04-14 09:13</PriceUpdateDate>
      <ItemCode>80986348</ItemCode>
      <ItemType>1</ItemType>
      <ItemName>מנטוס פיור וויט מנטה60ג</ItemName>
      <ManufacturerName>פרפטי ואן מלה ג'ידה,סאן</ManufacturerName>
      <ManufactureCountry>TR</ManufactureCountry>
      <ManufacturerItemDescription>מנטוס פיור וויט</ManufacturerItemDescription>
      <UnitQty>גרמים</UnitQty>
      <Quantity>60.00</Quantity>
      <bIsWeighted>0</bIsWeighted>
      <UnitOfMeasure>100 גרם</UnitOfMeasure>
      <QtyInPackage>1</QtyInPackage>
      <ItemPrice>12.00</ItemPrice>
      <UnitOfMeasurePrice>20.00</UnitOfMeasurePrice>
      <AllowDiscount>1</AllowDiscount>
      <ItemStatus>1</ItemStatus>
    </Item>
    <Item>
      <PriceUpdateDate>2023-04-16 10:20</PriceUpdateDate>
      <ItemCode>830296000275</ItemCode>
      <ItemType>1</ItemType>
      <ItemName>מצה שיפון 300 גרם</ItemName>
      <ManufacturerName>אם החיטה</ManufacturerName>
      <ManufactureCountry>IL</ManufactureCountry>
      <ManufacturerItemDescription>מצה שיפון</ManufacturerItemDescription>
      <UnitQty>גרמים</UnitQty>
      <Quantity>300.00</Quantity>
      <bIsWeighted>0</bIsWeighted>
      <UnitOfMeasure>100 גרם</UnitOfMeasure>
      <QtyInPackage>0</QtyInPackage>
      <ItemPrice>6.90</ItemPrice>
      <UnitOfMeasurePrice>2.30</UnitOfMeasurePrice>
      <AllowDiscount>1</AllowDiscount>
      <ItemStatus>1</ItemStatus>
    </Item>
    <Item>
      <PriceUpdateDate>2020-08-04 09:11</PriceUpdateDate>
      <ItemCode>8423207208260</ItemCode>
      <ItemType>1</ItemType>
      <ItemName>ס.דליס שוק.חלב ל.ג13*6גר</ItemName>
      <ManufacturerName>ביסצ'ורי</ManufacturerName>
      <ManufactureCountry>ES</ManufactureCountry>
      <ManufacturerItemDescription>חטיף דגנים</ManufacturerItemDescription>
      <UnitQty>גרמים</UnitQty>
      <Quantity>78.00</Quantity>
      <bIsWeighted>0</bIsWeighted>
      <UnitOfMeasure>100 גרם</UnitOfMeasure>
      <QtyInPackage>1</QtyInPackage>
      <ItemPrice>11.90</ItemPrice>
      <UnitOfMeasurePrice>15.26</UnitOfMeasurePrice>
      <AllowDiscount>1</AllowDiscount>
      <ItemStatus>1</ItemStatus>
    </Item>
    <Item>
      <PriceUpdateDate>2023-01-09 15:41</PriceUpdateDate>
      <ItemCode>8423207208703</ItemCode>
      <ItemType>1</ItemType>
      <ItemName>סלים דליס שוקו.מריר 6 יח</ItemName>
      <ManufacturerName>סלים דליס</ManufacturerName>
      <ManufactureCountry>ES</ManufactureCountry>
      <ManufacturerItemDescription>סלים דליס 6 יח</ManufacturerItemDescription>
      <UnitQty>גרמים</UnitQty>
      <Quantity>120.00</Quantity>
      <bIsWeighted>0</bIsWeighted>
      <UnitOfMeasure>100 גרם</UnitOfMeasure>
      <QtyInPackage>1</QtyInPackage>
      <ItemPrice>13.90</ItemPrice>
      <UnitOfMeasurePrice>11.58</UnitOfMeasurePrice>
      <AllowDiscount>1</AllowDiscount>
      <ItemStatus>1</ItemStatus>
    </Item>
    <Item>
      <PriceUpdateDate>2023-01-09 15:41</PriceUpdateDate>
      <ItemCode>8423207209885</ItemCode>
      <ItemType>1</ItemType>
      <ItemName>6סלים דליס שוק.חלב כשל"פ</ItemName>
      <ManufacturerName>סלים דליס</ManufacturerName>
      <ManufactureCountry>ES</ManufactureCountry>
      <ManufacturerItemDescription>סלים דליס כשל"פ</ManufacturerItemDescription>
      <UnitQty>גרמים</UnitQty>
      <Quantity>120.00</Quantity>
      <bIsWeighted>0</bIsWeighted>
      <UnitOfMeasure>100 גרם</UnitOfMeasure>
      <QtyInPackage>1</QtyInPackage>
      <ItemPrice>13.90</ItemPrice>
      <UnitOfMeasurePrice>11.58</UnitOfMeasurePrice>
      <AllowDiscount>1</AllowDiscount>
      <ItemStatus>1</ItemStatus>
    </Item>
    <Item>
      <PriceUpdateDate>2022-11-18 05:35</PriceUpdateDate>
      <ItemCode>8424842050030</ItemCode>
      <ItemType>1</ItemType>
      <ItemName>צ'יפס עם מלח הימאליה125ג</ItemName>
      <ManufacturerName>---</ManufacturerName>
      <ManufactureCountry>ES</ManufactureCountry>
      <ManufacturerItemDescription>חטיף צ'יפס</ManufacturerItemDescription>
      <UnitQty>גרמים</UnitQty>
      <Quantity>125.00</Quantity>
      <bIsWeighted>0</bIsWeighted>
      <UnitOfMeasure>100 גרם</UnitOfMeasure>
      <QtyInPackage>1</QtyInPackage>
      <ItemPrice>13.90</ItemPrice>
      <UnitOfMeasurePrice>11.12</UnitOfMeasurePrice>
      <AllowDiscount>1</AllowDiscount>
      <ItemStatus>1</ItemStatus>
    </Item>
    <Item>
      <PriceUpdateDate>2023-02-21 09:33</PriceUpdateDate>
      <ItemCode>8690637997914</ItemCode>
      <ItemType>1</ItemType>
      <ItemName>גלידת וניל שקדים אישי</ItemName>
      <ManufacturerName>יונילוור סנאיי וי טיג'\</ManufacturerName>
      <ManufactureCountry>TR</ManufactureCountry>
      <ManufacturerItemDescription>גלידת וניל שקדים</ManufacturerItemDescription>
      <UnitQty>גרמים</UnitQty>
      <Quantity>58.00</Quantity>
      <bIsWeighted>0</bIsWeighted>
      <UnitOfMeasure>100 גרם</UnitOfMeasure>
      <QtyInPackage>1</QtyInPackage>
      <ItemPrice>10.90</ItemPrice>
      <UnitOfMeasurePrice>18.79</UnitOfMeasurePrice>
      <AllowDiscount>1</AllowDiscount>
      <ItemStatus>1</ItemStatus>
    </Item>
    <Item>
      <PriceUpdateDate>2022-07-05 12:47</PriceUpdateDate>
      <ItemCode>8690946170008</ItemCode>
      <ItemType>1</ItemType>
      <ItemName>פסטה לומאקוני 500 גרם</ItemName>
      <ManufacturerName>מוטלו</ManufacturerName>
      <ManufactureCountry>TR</ManufactureCountry>
      <ManufacturerItemDescription>פסטה לומאקוני</ManufacturerItemDescription>
      <UnitQty>גרמים</UnitQty>
      <Quantity>500.00</Quantity>
      <bIsWeighted>0</bIsWeighted>
      <UnitOfMeasure>100 גרם</UnitOfMeasure>
      <QtyInPackage>1</QtyInPackage>
      <ItemPrice>4.00</ItemPrice>
      <UnitOfMeasurePrice>0.80</UnitOfMeasurePrice>
      <AllowDiscount>1</AllowDiscount>
      <ItemStatus>1</ItemStatus>
    </Item>
    <Item>
      <PriceUpdateDate>2022-07-05 12:47</PriceUpdateDate>
      <ItemCode>8690946250182</ItemCode>
      <ItemType>1</ItemType>
      <ItemName>פסטה קונכיות גדולות500גר</ItemName>
      <ManufacturerName>מוטלו</ManufacturerName>
      <ManufactureCountry>TR</ManufactureCountry>
      <ManufacturerItemDescription>פסטה קונכיות</ManufacturerItemDescription>
      <UnitQty>גרמים</UnitQty>
      <Quantity>500.00</Quantity>
      <bIsWeighted>0</bIsWeighted>
      <UnitOfMeasure>100 גרם</UnitOfMeasure>
      <QtyInPackage>1</QtyInPackage>
      <ItemPrice>4.00</ItemPrice>
      <UnitOfMeasurePrice>0.80</UnitOfMeasurePrice>
      <AllowDiscount>1</AllowDiscount>
      <ItemStatus>1</ItemStatus>
    </Item>
    <Item>
      <PriceUpdateDate>2022-07-05 12:47</PriceUpdateDate>
      <ItemCode>8690946250205</ItemCode>
      <ItemType>1</ItemType>
      <ItemName>פסטה לינגוויני 500 גרם</ItemName>
      <ManufacturerName>מוטלו</ManufacturerName>
      <ManufactureCountry>TR</ManufactureCountry>
      <ManufacturerItemDescription>פסטה לינגוויני</ManufacturerItemDescription>
      <UnitQty>גרמים</UnitQty>
      <Quantity>500.00</Quantity>
      <bIsWeighted>0</bIsWeighted>
      <UnitOfMeasure>100 גרם</UnitOfMeasure>
      <QtyInPackage>1</QtyInPackage>
      <ItemPrice>4.00</ItemPrice>
      <UnitOfMeasurePrice>0.80</UnitOfMeasurePrice>
      <AllowDiscount>1</AllowDiscount>
      <ItemStatus>1</ItemStatus>
    </Item>
    <Item>
      <PriceUpdateDate>2018-11-19 07:51</PriceUpdateDate>
      <ItemCode>8710502064814</ItemCode>
      <ItemType>1</ItemType>
      <ItemName>עוג.שוקוציפס מרקם רך175ג</ItemName>
      <ManufacturerName>בנקטבקריי מרבה בי.וי</ManufacturerName>
      <ManufactureCountry>NL</ManufactureCountry>
      <ManufacturerItemDescription>עוגיות מרבה</ManufacturerItemDescription>
      <UnitQty>גרמים</UnitQty>
      <Quantity>175.00</Quantity>
      <bIsWeighted>0</bIsWeighted>
      <UnitOfMeasure>100 גרם</UnitOfMeasure>
      <QtyInPackage>1</QtyInPackage>
      <ItemPrice>10.90</ItemPrice>
      <UnitOfMeasurePrice>6.23</UnitOfMeasurePrice>
      <AllowDiscount>1</AllowDiscount>
      <ItemStatus>1</ItemStatus>
    </Item>
    <Item>
      <PriceUpdateDate>2022-06-10 05:39</PriceUpdateDate>
      <ItemCode>8710502100864</ItemCode>
      <ItemType>1</ItemType>
      <ItemName>עוגיות דאבל שוקולד 200 ג</ItemName>
      <ManufacturerName>י. מרבה ישראל בע"\מ</ManufacturerName>
      <ManufactureCountry>NL</ManufactureCountry>
      <ManufacturerItemDescription>עוגיות מרבה</ManufacturerItemDescription>
      <UnitQty>גרמים</UnitQty>
      <Quantity>200.00</Quantity>
      <bIsWeighted>0</bIsWeighted>
      <UnitOfMeasure>100 גרם</UnitOfMeasure>
      <QtyInPackage>1</QtyInPackage>
      <ItemPrice>11.90</ItemPrice>
      <UnitOfMeasurePrice>5.95</UnitOfMeasurePrice>
      <AllowDiscount>1</AllowDiscount>
      <ItemStatus>1</ItemStatus>
    </Item>
    <Item>
      <PriceUpdateDate>2018-11-19 07:51</PriceUpdateDate>
      <ItemCode>8710502405204</ItemCode>
      <ItemType>1</ItemType>
      <ItemName>עוג.מרבה ממולאות שוקו175</ItemName>
      <ManufacturerName>מרבה בע"\מ</ManufacturerName>
      <ManufactureCountry>NL</ManufactureCountry>
      <ManufacturerItemDescription>עוגיות מרבה</ManufacturerItemDescription>
      <UnitQty>גרמים</UnitQty>
      <Quantity>175.00</Quantity>
      <bIsWeighted>0</bIsWeighted>
      <UnitOfMeasure>100 גרם</UnitOfMeasure>
      <QtyInPackage>0</QtyInPackage>
      <ItemPrice>10.90</ItemPrice>
      <UnitOfMeasurePrice>6.23</UnitOfMeasurePrice>
      <AllowDiscount>1</AllowDiscount>
      <ItemStatus>1</ItemStatus>
    </Item>
    <Item>
      <PriceUpdateDate>2021-02-19 08:36</PriceUpdateDate>
      <ItemCode>8710732228918</ItemCode>
      <ItemType>1</ItemType>
      <ItemName>מצת לסיגריה  cricket יח</ItemName>
      <ManufacturerName>MATCH SWEDISH</ManufacturerName>
      <ManufactureCountry>NL</ManufactureCountry>
      <ManufacturerItemDescription>מצת לסיגריהcrick</ManufacturerItemDescription>
      <UnitQty>יחידה</UnitQty>
      <Quantity>1.00</Quantity>
      <bIsWeighted>0</bIsWeighted>
      <UnitOfMeasure>יחידה</UnitOfMeasure>
      <QtyInPackage>1</QtyInPackage>
      <ItemPrice>3.50</ItemPrice>
      <UnitOfMeasurePrice>3.50</UnitOfMeasurePrice>
      <AllowDiscount>0</AllowDiscount>
      <ItemStatus>1</ItemStatus>
    </Item>
    <Item>
      <PriceUpdateDate>2023-02-21 09:33</PriceUpdateDate>
      <ItemCode>8711327577664</ItemCode>
      <ItemType>1</ItemType>
      <ItemName>גלידה מגנום גולד</ItemName>
      <ManufacturerName>מיוצר ע"\י: יוניליוור הו</ManufacturerName>
      <ManufactureCountry>HU</ManufactureCountry>
      <ManufacturerItemDescription>גלידה מגנום גולד</ManufacturerItemDescription>
      <UnitQty>מיליליטרים</UnitQty>
      <Quantity>440.00</Quantity>
      <bIsWeighted>0</bIsWeighted>
      <UnitOfMeasure>100 מ"ל</UnitOfMeasure>
      <QtyInPackage>1</QtyInPackage>
      <ItemPrice>26.90</ItemPrice>
      <UnitOfMeasurePrice>6.11</UnitOfMeasurePrice>
      <AllowDiscount>1</AllowDiscount>
      <ItemStatus>1</ItemStatus>
    </Item>
    <Item>
      <PriceUpdateDate>2023-04-05 09:19</PriceUpdateDate>
      <ItemCode>8712000051099</ItemCode>
      <ItemType>1</ItemType>
      <ItemName>הייניקן 0% אלכוהול330*6</ItemName>
      <ManufacturerName>מבשלת היינקן, ריטבלדנברג</ManufacturerName>
      <ManufactureCountry>NL</ManufactureCountry>
      <ManufacturerItemDescription>6 בירה הייניק0%</ManufacturerItemDescription>
      <UnitQty>ליטרים</UnitQty>
      <Quantity>1.98</Quantity>
      <bIsWeighted>0</bIsWeighted>
      <UnitOfMeasure>ליטר</UnitOfMeasure>
      <QtyInPackage>1</QtyInPackage>
      <ItemPrice>33.10</ItemPrice>
      <UnitOfMeasurePrice>16.72</UnitOfMeasurePrice>
      <AllowDiscount>1</AllowDiscount>
      <ItemStatus>1</ItemStatus>
    </Item>
    <Item>
      <PriceUpdateDate>2023-04-13 14:35</PriceUpdateDate>
      <ItemCode>8712561594608</ItemCode>
      <ItemType>1</ItemType>
      <ItemName>תח.רחצה להזנה עמוקה 750מ</ItemName>
      <ManufacturerName>יוניליוור גרמניה, Gmbh &amp;</ManufacturerName>
      <ManufactureCountry>DE</ManufactureCountry>
      <ManufacturerItemDescription>תחליב רחצה דאב</ManufacturerItemDescription>
      <UnitQty>מיליליטרים</UnitQty>
      <Quantity>750.00</Quantity>
      <bIsWeighted>0</bIsWeighted>
      <UnitOfMeasure>100 מ"ל</UnitOfMeasure>
      <QtyInPackage>1</QtyInPackage>
      <ItemPrice>20.90</ItemPrice>
      <UnitOfMeasurePrice>2.79</UnitOfMeasurePrice>
      <AllowDiscount>1</AllowDiscount>
      <ItemStatus>1</ItemStatus>
    </Item>
    <Item>
      <PriceUpdateDate>2022-04-15 05:40</PriceUpdateDate>
      <ItemCode>8714599512159</ItemCode>
      <ItemType>1</ItemType>
      <ItemName>קפה נמס ג'קובס מונארך190</ItemName>
      <ManufacturerName>---</ManufacturerName>
      <ManufactureCountry>RU</ManufactureCountry>
      <ManufacturerItemDescription>קפה נמס ג'קובס</ManufacturerItemDescription>
      <UnitQty>גרמים</UnitQty>
      <Quantity>190.00</Quantity>
      <bIsWeighted>0</bIsWeighted>
      <UnitOfMeasure>100 גרם</UnitOfMeasure>
      <QtyInPackage>1</QtyInPackage>
      <ItemPrice>26.90</ItemPrice>
      <UnitOfMeasurePrice>14.16</UnitOfMeasurePrice>
      <AllowDiscount>1</AllowDiscount>
      <ItemStatus>1</ItemStatus>
    </Item>
    <Item>
      <PriceUpdateDate>2018-11-19 07:51</PriceUpdateDate>
      <ItemCode>8714599513835</ItemCode>
      <ItemType>1</ItemType>
      <ItemName>קפה ג'קובס נט.קופאין200ג</ItemName>
      <ManufacturerName>*ג'יי.די.אי</ManufacturerName>
      <ManufactureCountry>DE</ManufactureCountry>
      <ManufacturerItemDescription>קפה ג'קובס נטול</ManufacturerItemDescription>
      <UnitQty>גרמים</UnitQty>
      <Quantity>200.00</Quantity>
      <bIsWeighted>0</bIsWeighted>
      <UnitOfMeasure>100 גרם</UnitOfMeasure>
      <QtyInPackage>1</QtyInPackage>
      <ItemPrice>39.90</ItemPrice>
      <UnitOfMeasurePrice>19.95</UnitOfMeasurePrice>
      <AllowDiscount>1</AllowDiscount>
      <ItemStatus>1</ItemStatus>
    </Item>
    <Item>
      <PriceUpdateDate>2020-08-04 09:21</PriceUpdateDate>
      <ItemCode>8714789177229</ItemCode>
      <ItemType>1</ItemType>
      <ItemName>4 מב.קולגייט אקסטרה קלין</ItemName>
      <ManufacturerName>קולגייט פלמוליב</ManufacturerName>
      <ManufactureCountry>CN</ManufactureCountry>
      <ManufacturerItemDescription>4 מברשות שיניים</ManufacturerItemDescription>
      <UnitQty>יחידה</UnitQty>
      <Quantity>1.00</Quantity>
      <bIsWeighted>0</bIsWeighted>
      <UnitOfMeasure>יחידה</UnitOfMeasure>
      <QtyInPackage>0</QtyInPackage>
      <ItemPrice>11.90</ItemPrice>
      <UnitOfMeasurePrice>11.90</UnitOfMeasurePrice>
      <AllowDiscount>1</AllowDiscount>
      <ItemStatus>1</ItemStatus>
    </Item>
    <Item>
      <PriceUpdateDate>2018-11-19 07:51</PriceUpdateDate>
      <ItemCode>8715700110158</ItemCode>
      <ItemType>1</ItemType>
      <ItemName>ממרח במרקם קרמי 490 גרם</ItemName>
      <ManufacturerName>ה.י.היינץ הולדינג בי.וי</ManufacturerName>
      <ManufactureCountry>NL</ManufactureCountry>
      <ManufacturerItemDescription>ממרח במרקם קרמי</ManufacturerItemDescription>
      <UnitQty>גרמים</UnitQty>
      <Quantity>490.00</Quantity>
      <bIsWeighted>0</bIsWeighted>
      <UnitOfMeasure>100 גרם</UnitOfMeasure>
      <QtyInPackage>1</QtyInPackage>
      <ItemPrice>12.90</ItemPrice>
      <UnitOfMeasurePrice>2.63</UnitOfMeasurePrice>
      <AllowDiscount>1</AllowDiscount>
      <ItemStatus>1</ItemStatus>
    </Item>
    <Item>
      <PriceUpdateDate>2018-11-19 07:51</PriceUpdateDate>
      <ItemCode>8715700419732</ItemCode>
      <ItemType>1</ItemType>
      <ItemName>מתבל עגבניות היינץ700גרם</ItemName>
      <ManufacturerName>היינץ</ManufacturerName>
      <ManufactureCountry>NL</ManufactureCountry>
      <ManufacturerItemDescription>מתבל עגבניות</ManufacturerItemDescription>
      <UnitQty>גרמים</UnitQty>
      <Quantity>700.00</Quantity>
      <bIsWeighted>0</bIsWeighted>
      <UnitOfMeasure>100 גרם</UnitOfMeasure>
      <QtyInPackage>0</QtyInPackage>
      <ItemPrice>13.90</ItemPrice>
      <UnitOfMeasurePrice>1.99</UnitOfMeasurePrice>
      <AllowDiscount>1</AllowDiscount>
      <ItemStatus>1</ItemStatus>
    </Item>
    <Item>
      <PriceUpdateDate>2018-11-19 07:51</PriceUpdateDate>
      <ItemCode>8715700422367</ItemCode>
      <ItemType>1</ItemType>
      <ItemName>מיונז היינץ לייט 420ג</ItemName>
      <ManufacturerName>היינץ</ManufacturerName>
      <ManufactureCountry>ES</ManufactureCountry>
      <ManufacturerItemDescription>מיונז היינץ לייט</ManufacturerItemDescription>
      <UnitQty>גרמים</UnitQty>
      <Quantity>420.00</Quantity>
      <bIsWeighted>0</bIsWeighted>
      <UnitOfMeasure>100 גרם</UnitOfMeasure>
      <QtyInPackage>1</QtyInPackage>
      <ItemPrice>12.70</ItemPrice>
      <UnitOfMeasurePrice>3.02</UnitOfMeasurePrice>
      <AllowDiscount>1</AllowDiscount>
      <ItemStatus>1</ItemStatus>
    </Item>
    <Item>
      <PriceUpdateDate>2018-11-19 07:51</PriceUpdateDate>
      <ItemCode>8715700422381</ItemCode>
      <ItemType>1</ItemType>
      <ItemName>ממרח היינץ 420 גרם</ItemName>
      <ManufacturerName>היינץ</ManufacturerName>
      <ManufactureCountry>ES</ManufactureCountry>
      <ManufacturerItemDescription>ממרח היינץ</ManufacturerItemDescription>
      <UnitQty>גרמים</UnitQty>
      <Quantity>420.00</Quantity>
      <bIsWeighted>0</bIsWeighted>
      <UnitOfMeasure>100 גרם</UnitOfMeasure>
      <QtyInPackage>1</QtyInPackage>
      <ItemPrice>12.70</ItemPrice>
      <UnitOfMeasurePrice>3.02</UnitOfMeasurePrice>
      <AllowDiscount>1</AllowDiscount>
      <ItemStatus>1</ItemStatus>
    </Item>
    <Item>
      <PriceUpdateDate>2022-05-13 07:50</PriceUpdateDate>
      <ItemCode>8717677336616</ItemCode>
      <ItemType>1</ItemType>
      <ItemName>שוקולד מריר שקדים+מלח180</ItemName>
      <ManufacturerName>אלפרד ריטר</ManufacturerName>
      <ManufactureCountry>NL</ManufactureCountry>
      <ManufacturerItemDescription>שוקולד מריר</ManufacturerItemDescription>
      <UnitQty>גרמים</UnitQty>
      <Quantity>180.00</Quantity>
      <bIsWeighted>0</bIsWeighted>
      <UnitOfMeasure>100 גרם</UnitOfMeasure>
      <QtyInPackage>1</QtyInPackage>
      <ItemPrice>19.90</ItemPrice>
      <UnitOfMeasurePrice>11.06</UnitOfMeasurePrice>
      <AllowDiscount>1</AllowDiscount>
      <ItemStatus>1</ItemStatus>
    </Item>
    <Item>
      <PriceUpdateDate>2022-05-13 07:50</PriceUpdateDate>
      <ItemCode>8717677336630</ItemCode>
      <ItemType>1</ItemType>
      <ItemName>שוקולד חלב+שקדים+דבש180ג</ItemName>
      <ManufacturerName>אלפרד ריטר</ManufacturerName>
      <ManufactureCountry>NL</ManufactureCountry>
      <ManufacturerItemDescription>שוקולד חלב מעולה</ManufacturerItemDescription>
      <UnitQty>גרמים</UnitQty>
      <Quantity>180.00</Quantity>
      <bIsWeighted>0</bIsWeighted>
      <UnitOfMeasure>100 גרם</UnitOfMeasure>
      <QtyInPackage>1</QtyInPackage>
      <ItemPrice>19.90</ItemPrice>
      <UnitOfMeasurePrice>11.06</UnitOfMeasurePrice>
      <AllowDiscount>1</AllowDiscount>
      <ItemStatus>1</ItemStatus>
    </Item>
    <Item>
      <PriceUpdateDate>2022-01-18 08:09</PriceUpdateDate>
      <ItemCode>8718951236790</ItemCode>
      <ItemType>1</ItemType>
      <ItemName>קולגייט טוטל קלין 100 מל</ItemName>
      <ManufacturerName>קולגייט פלמוליב</ManufacturerName>
      <ManufactureCountry>PL</ManufactureCountry>
      <ManufacturerItemDescription>קולגייט טוטל</ManufacturerItemDescription>
      <UnitQty>מיליליטרים</UnitQty>
      <Quantity>100.00</Quantity>
      <bIsWeighted>0</bIsWeighted>
      <UnitOfMeasure>100 מ"ל</UnitOfMeasure>
      <QtyInPackage>1</QtyInPackage>
      <ItemPrice>18.90</ItemPrice>
      <UnitOfMeasurePrice>18.90</UnitOfMeasurePrice>
      <AllowDiscount>1</AllowDiscount>
      <ItemStatus>1</ItemStatus>
    </Item>
    <Item>
      <PriceUpdateDate>2019-12-20 05:38</PriceUpdateDate>
      <ItemCode>8719200998018</ItemCode>
      <ItemType>1</ItemType>
      <ItemName>מרגרינה בטעם חמאה200גרם</ItemName>
      <ManufacturerName>מיוצר ע"\י יוניליוור ישר</ManufacturerName>
      <ManufactureCountry>IL</ManufactureCountry>
      <ManufacturerItemDescription>מחמאה מרגרינה</ManufacturerItemDescription>
      <UnitQty>גרמים</UnitQty>
      <Quantity>200.00</Quantity>
      <bIsWeighted>0</bIsWeighted>
      <UnitOfMeasure>100 גרם</UnitOfMeasure>
      <QtyInPackage>1</QtyInPackage>
      <ItemPrice>5.00</ItemPrice>
      <UnitOfMeasurePrice>2.50</UnitOfMeasurePrice>
      <AllowDiscount>1</AllowDiscount>
      <ItemStatus>1</ItemStatus>
    </Item>
    <Item>
      <PriceUpdateDate>2019-12-20 05:38</PriceUpdateDate>
      <ItemCode>8719200998032</ItemCode>
      <ItemType>1</ItemType>
      <ItemName>מזולה בטעם חמאה 250 גרם</ItemName>
      <ManufacturerName>מיוצר ע"\י יוניליוור ישר</ManufacturerName>
      <ManufactureCountry>IL</ManufactureCountry>
      <ManufacturerItemDescription>מזולה טעם חמאה</ManufacturerItemDescription>
      <UnitQty>גרמים</UnitQty>
      <Quantity>250.00</Quantity>
      <bIsWeighted>0</bIsWeighted>
      <UnitOfMeasure>100 גרם</UnitOfMeasure>
      <QtyInPackage>1</QtyInPackage>
      <ItemPrice>10.90</ItemPrice>
      <UnitOfMeasurePrice>4.36</UnitOfMeasurePrice>
      <AllowDiscount>1</AllowDiscount>
      <ItemStatus>1</ItemStatus>
    </Item>
    <Item>
      <PriceUpdateDate>2018-11-19 07:51</PriceUpdateDate>
      <ItemCode>8801055708772</ItemCode>
      <ItemType>1</ItemType>
      <ItemName>טסטרס צ'ויס 200+50ג מארז</ItemName>
      <ManufacturerName>לוטה נסטלה קוריאה</ManufacturerName>
      <ManufactureCountry>KR</ManufactureCountry>
      <ManufacturerItemDescription>טסטרס צ'ויס מארז</ManufacturerItemDescription>
      <UnitQty>גרמים</UnitQty>
      <Quantity>250.00</Quantity>
      <bIsWeighted>0</bIsWeighted>
      <UnitOfMeasure>100 גרם</UnitOfMeasure>
      <QtyInPackage>1</QtyInPackage>
      <ItemPrice>32.90</ItemPrice>
      <UnitOfMeasurePrice>13.16</UnitOfMeasurePrice>
      <AllowDiscount>1</AllowDiscount>
      <ItemStatus>1</ItemStatus>
    </Item>
    <Item>
      <PriceUpdateDate>2022-09-22 05:37</PriceUpdateDate>
      <ItemCode>884912365200</ItemCode>
      <ItemType>1</ItemType>
      <ItemName>דגני  בוקר אוראו 311 גרם</ItemName>
      <ManufacturerName>---</ManufacturerName>
      <ManufactureCountry>US</ManufactureCountry>
      <ManufacturerItemDescription>דגני  בוקר אוראו</ManufacturerItemDescription>
      <UnitQty>גרמים</UnitQty>
      <Quantity>311.00</Quantity>
      <bIsWeighted>0</bIsWeighted>
      <UnitOfMeasure>100 גרם</UnitOfMeasure>
      <QtyInPackage>1</QtyInPackage>
      <ItemPrice>25.90</ItemPrice>
      <UnitOfMeasurePrice>8.33</UnitOfMeasurePrice>
      <AllowDiscount>1</AllowDiscount>
      <ItemStatus>1</ItemStatus>
    </Item>
    <Item>
      <PriceUpdateDate>2023-03-31 07:49</PriceUpdateDate>
      <ItemCode>8850389103111</ItemCode>
      <ItemType>1</ItemType>
      <ItemName>משקה סאפה ענבים</ItemName>
      <ManufacturerName />
      <ManufactureCountry>TH</ManufactureCountry>
      <ManufacturerItemDescription>משקה סאפה ענבים</ManufacturerItemDescription>
      <UnitQty>מיליליטרים</UnitQty>
      <Quantity>300.00</Quantity>
      <bIsWeighted>0</bIsWeighted>
      <UnitOfMeasure>100 מ"ל</UnitOfMeasure>
      <QtyInPackage>0</QtyInPackage>
      <ItemPrice>7.50</ItemPrice>
      <UnitOfMeasurePrice>2.50</UnitOfMeasurePrice>
      <AllowDiscount>1</AllowDiscount>
      <ItemStatus>1</ItemStatus>
    </Item>
    <Item>
      <PriceUpdateDate>2023-03-31 07:49</PriceUpdateDate>
      <ItemCode>8850389103128</ItemCode>
      <ItemType>1</ItemType>
      <ItemName>משקה סאפה תפוח</ItemName>
      <ManufacturerName />
      <ManufactureCountry>TH</ManufactureCountry>
      <ManufacturerItemDescription>משקה סאפה תפוח</ManufacturerItemDescription>
      <UnitQty>מיליליטרים</UnitQty>
      <Quantity>300.00</Quantity>
      <bIsWeighted>0</bIsWeighted>
      <UnitOfMeasure>100 מ"ל</UnitOfMeasure>
      <QtyInPackage>0</QtyInPackage>
      <ItemPrice>7.50</ItemPrice>
      <UnitOfMeasurePrice>2.50</UnitOfMeasurePrice>
      <AllowDiscount>1</AllowDiscount>
      <ItemStatus>1</ItemStatus>
    </Item>
    <Item>
      <PriceUpdateDate>2023-03-31 07:49</PriceUpdateDate>
      <ItemCode>8850389103166</ItemCode>
      <ItemType>1</ItemType>
      <ItemName>משקה מנגו חתיכות ג'לי320</ItemName>
      <ManufacturerName>סאפה פובליק קומפני לימיי</ManufacturerName>
      <ManufactureCountry>TH</ManufactureCountry>
      <ManufacturerItemDescription>משקה מנגו</ManufacturerItemDescription>
      <UnitQty>מיליליטרים</UnitQty>
      <Quantity>320.00</Quantity>
      <bIsWeighted>0</bIsWeighted>
      <UnitOfMeasure>100 מ"ל</UnitOfMeasure>
      <QtyInPackage>1</QtyInPackage>
      <ItemPrice>7.50</ItemPrice>
      <UnitOfMeasurePrice>2.34</UnitOfMeasurePrice>
      <AllowDiscount>1</AllowDiscount>
      <ItemStatus>1</ItemStatus>
    </Item>
    <Item>
      <PriceUpdateDate>2023-04-11 04:50</PriceUpdateDate>
      <ItemCode>8850389105825</ItemCode>
      <ItemType>1</ItemType>
      <ItemName>סאפה אלוורה טעם ענבים 1ל</ItemName>
      <ManufacturerName>סאפה פובליק קומפני לימיט</ManufacturerName>
      <ManufactureCountry>TH</ManufactureCountry>
      <ManufacturerItemDescription>סאפה ענבים</ManufacturerItemDescription>
      <UnitQty>ליטרים</UnitQty>
      <Quantity>1.00</Quantity>
      <bIsWeighted>0</bIsWeighted>
      <UnitOfMeasure>ליטר</UnitOfMeasure>
      <QtyInPackage>0</QtyInPackage>
      <ItemPrice>12.90</ItemPrice>
      <UnitOfMeasurePrice>12.90</UnitOfMeasurePrice>
      <AllowDiscount>1</AllowDiscount>
      <ItemStatus>1</ItemStatus>
    </Item>
    <Item>
      <PriceUpdateDate>2023-04-11 04:50</PriceUpdateDate>
      <ItemCode>8850389105849</ItemCode>
      <ItemType>1</ItemType>
      <ItemName>סאפה אלוורה טעם אפרסק 1ל</ItemName>
      <ManufacturerName>סאפה פובליק קומפני לימיט</ManufacturerName>
      <ManufactureCountry>TH</ManufactureCountry>
      <ManufacturerItemDescription>סאפה אפרסק</ManufacturerItemDescription>
      <UnitQty>ליטרים</UnitQty>
      <Quantity>1.00</Quantity>
      <bIsWeighted>0</bIsWeighted>
      <UnitOfMeasure>ליטר</UnitOfMeasure>
      <QtyInPackage>0</QtyInPackage>
      <ItemPrice>12.90</ItemPrice>
      <UnitOfMeasurePrice>12.90</UnitOfMeasurePrice>
      <AllowDiscount>1</AllowDiscount>
      <ItemStatus>1</ItemStatus>
    </Item>
    <Item>
      <PriceUpdateDate>2023-03-31 07:49</PriceUpdateDate>
      <ItemCode>8850389115312</ItemCode>
      <ItemType>1</ItemType>
      <ItemName>סאפה אלוורה מלון 300 מ"ל</ItemName>
      <ManufacturerName>סאפה פובליק קומפני לימיי</ManufacturerName>
      <ManufactureCountry>TH</ManufactureCountry>
      <ManufacturerItemDescription>סאפה אלוורה</ManufacturerItemDescription>
      <UnitQty>מיליליטרים</UnitQty>
      <Quantity>300.00</Quantity>
      <bIsWeighted>0</bIsWeighted>
      <UnitOfMeasure>100 מ"ל</UnitOfMeasure>
      <QtyInPackage>1</QtyInPackage>
      <ItemPrice>7.50</ItemPrice>
      <UnitOfMeasurePrice>2.50</UnitOfMeasurePrice>
      <AllowDiscount>1</AllowDiscount>
      <ItemStatus>1</ItemStatus>
    </Item>
    <Item>
      <PriceUpdateDate>2020-08-04 09:09</PriceUpdateDate>
      <ItemCode>8858271003921</ItemCode>
      <ItemType>1</ItemType>
      <ItemName>רוטב קארי אדום</ItemName>
      <ManufacturerName />
      <ManufactureCountry>TH</ManufactureCountry>
      <ManufacturerItemDescription>רוטב קארי אדום</ManufacturerItemDescription>
      <UnitQty>גרמים</UnitQty>
      <Quantity>250.00</Quantity>
      <bIsWeighted>0</bIsWeighted>
      <UnitOfMeasure>100 גרם</UnitOfMeasure>
      <QtyInPackage>0</QtyInPackage>
      <ItemPrice>13.90</ItemPrice>
      <UnitOfMeasurePrice>5.56</UnitOfMeasurePrice>
      <AllowDiscount>1</AllowDiscount>
      <ItemStatus>1</ItemStatus>
    </Item>
    <Item>
      <PriceUpdateDate>2022-01-20 07:32</PriceUpdateDate>
      <ItemCode>8858271004126</ItemCode>
      <ItemType>1</ItemType>
      <ItemName>רוטב חמוץ מתוק</ItemName>
      <ManufacturerName />
      <ManufactureCountry>TH</ManufactureCountry>
      <ManufacturerItemDescription>רוטב חמוץ מתוק</ManufacturerItemDescription>
      <UnitQty>מיליליטרים</UnitQty>
      <Quantity>700.00</Quantity>
      <bIsWeighted>0</bIsWeighted>
      <UnitOfMeasure>100 מ"ל</UnitOfMeasure>
      <QtyInPackage>0</QtyInPackage>
      <ItemPrice>17.90</ItemPrice>
      <UnitOfMeasurePrice>2.56</UnitOfMeasurePrice>
      <AllowDiscount>1</AllowDiscount>
      <ItemStatus>1</ItemStatus>
    </Item>
    <Item>
      <PriceUpdateDate>2021-12-21 07:53</PriceUpdateDate>
      <ItemCode>8934878081811</ItemCode>
      <ItemType>1</ItemType>
      <ItemName>דפים אורז למילוי</ItemName>
      <ManufacturerName />
      <ManufactureCountry>VN</ManufactureCountry>
      <ManufacturerItemDescription>דפים אורז למילוי</ManufacturerItemDescription>
      <UnitQty>גרמים</UnitQty>
      <Quantity>400.00</Quantity>
      <bIsWeighted>0</bIsWeighted>
      <UnitOfMeasure>100 גרם</UnitOfMeasure>
      <QtyInPackage>0</QtyInPackage>
      <ItemPrice>13.90</ItemPrice>
      <UnitOfMeasurePrice>3.48</UnitOfMeasurePrice>
      <AllowDiscount>1</AllowDiscount>
      <ItemStatus>1</ItemStatus>
    </Item>
    <Item>
      <PriceUpdateDate>2023-01-11 08:39</PriceUpdateDate>
      <ItemCode>96086000065</ItemCode>
      <ItemType>1</ItemType>
      <ItemName>מצה עשירה300ג פסח</ItemName>
      <ManufacturerName>מצות אביב 2014 מאפה בעמ</ManufacturerName>
      <ManufactureCountry>IL</ManufactureCountry>
      <ManufacturerItemDescription>מצה עשירה</ManufacturerItemDescription>
      <UnitQty>גרמים</UnitQty>
      <Quantity>300.00</Quantity>
      <bIsWeighted>0</bIsWeighted>
      <UnitOfMeasure>100 גרם</UnitOfMeasure>
      <QtyInPackage>0</QtyInPackage>
      <ItemPrice>24.90</ItemPrice>
      <UnitOfMeasurePrice>8.30</UnitOfMeasurePrice>
      <AllowDiscount>1</AllowDiscount>
      <ItemStatus>1</ItemStatus>
    </Item>
  </Items>
</root>