<?xml version="1.0" encoding="utf-8"?>
<root>
  <ChainId>7290027600007</ChainId>
  <SubChainId>005</SubChainId>
  <StoreId>680</StoreId>
  <BikoretNo>0</BikoretNo>
  <DllVerNo>8.0.1.3</DllVerNo>
  <Items Count="90">
    <Item>
      <PriceUpdateDate>2018-03-06 06:55</PriceUpdateDate>
      <ItemCode>13495113513</ItemCode>
      <ItemType>1</ItemType>
      <ItemName>קליק שוקולד חלב 75 גרם</ItemName>
      <ManufacturerName>יוניליוור ישראל מזון בע\</ManufacturerName>
      <ManufactureCountry>IL</ManufactureCountry>
      <ManufacturerItemDescription>קליק שוקולד</ManufacturerItemDescription>
      <UnitQty>גרמים</UnitQty>
      <Quantity>75.00</Quantity>
      <bIsWeighted>0</bIsWeighted>
      <UnitOfMeasure>100 גרם</UnitOfMeasure>
      <QtyInPackage>0</QtyInPackage>
      <ItemPrice>7.90</ItemPrice>
      <UnitOfMeasurePrice>10.53</UnitOfMeasurePrice>
      <AllowDiscount>1</AllowDiscount>
      <ItemStatus>1</ItemStatus>
    </Item>
    <Item>
      <PriceUpdateDate>2018-11-25 09:26</PriceUpdateDate>
      <ItemCode>16000281684</ItemCode>
      <ItemType>1</ItemType>
      <ItemName>חטיף נייטשר ואלי פקאן5יח</ItemName>
      <ManufacturerName>ג'נרל מילס</ManufacturerName>
      <ManufactureCountry>US</ManufactureCountry>
      <ManufacturerItemDescription>חטיף נייטשר ואלי</ManufacturerItemDescription>
      <UnitQty>גרמים</UnitQty>
      <Quantity>210.00</Quantity>
      <bIsWeighted>0</bIsWeighted>
      <UnitOfMeasure>100 גרם</UnitOfMeasure>
      <QtyInPackage>0</QtyInPackage>
      <ItemPrice>19.90</ItemPrice>
      <UnitOfMeasurePrice>9.48</UnitOfMeasurePrice>
      <AllowDiscount>1</AllowDiscount>
      <ItemStatus>1</ItemStatus>
    </Item>
    <Item>
      <PriceUpdateDate>2018-11-23 13:49</PriceUpdateDate>
      <ItemCode>16000548503</ItemCode>
      <ItemType>1</ItemType>
      <ItemName>נייטשר וואלי מייפל 5יח</ItemName>
      <ManufacturerName>ג'נרל מילס</ManufacturerName>
      <ManufactureCountry>ES</ManufactureCountry>
      <ManufacturerItemDescription>חטיף נייטשר ואלי</ManufacturerItemDescription>
      <UnitQty>גרמים</UnitQty>
      <Quantity>210.00</Quantity>
      <bIsWeighted>0</bIsWeighted>
      <UnitOfMeasure>100 גרם</UnitOfMeasure>
      <QtyInPackage>0</QtyInPackage>
      <ItemPrice>19.90</ItemPrice>
      <UnitOfMeasurePrice>9.48</UnitOfMeasurePrice>
      <AllowDiscount>1</AllowDiscount>
      <ItemStatus>1</ItemStatus>
    </Item>
    <Item>
      <PriceUpdateDate>2019-06-02 14:53</PriceUpdateDate>
      <ItemCode>309976790015</ItemCode>
      <ItemType>1</ItemType>
      <ItemName>קולרסטיי עפרון עיניים יח</ItemName>
      <ManufacturerName>רבלון</ManufacturerName>
      <ManufactureCountry>US</ManufactureCountry>
      <ManufacturerItemDescription>קולרסטיי עפרון</ManufacturerItemDescription>
      <UnitQty>יחידה</UnitQty>
      <Quantity>1.00</Quantity>
      <bIsWeighted>0</bIsWeighted>
      <UnitOfMeasure>יחידה</UnitOfMeasure>
      <QtyInPackage>1</QtyInPackage>
      <ItemPrice>29.90</ItemPrice>
      <UnitOfMeasurePrice>29.90</UnitOfMeasurePrice>
      <AllowDiscount>1</AllowDiscount>
      <ItemStatus>1</ItemStatus>
    </Item>
    <Item>
      <PriceUpdateDate>2019-07-19 05:35</PriceUpdateDate>
      <ItemCode>3349668572045</ItemCode>
      <ItemType>1</ItemType>
      <ItemName>EMPIRE אדפ 50 מ"ל</ItemName>
      <ManufacturerName>לילית בישום</ManufacturerName>
      <ManufactureCountry>FR</ManufactureCountry>
      <ManufacturerItemDescription>EMPIRE אדפ</ManufacturerItemDescription>
      <UnitQty>מיליליטרים</UnitQty>
      <Quantity>50.00</Quantity>
      <bIsWeighted>0</bIsWeighted>
      <UnitOfMeasure>100 מ"ל</UnitOfMeasure>
      <QtyInPackage>1</QtyInPackage>
      <ItemPrice>299.00</ItemPrice>
      <UnitOfMeasurePrice>598.00</UnitOfMeasurePrice>
      <AllowDiscount>1</AllowDiscount>
      <ItemStatus>1</ItemStatus>
    </Item>
    <Item>
      <PriceUpdateDate>2018-11-23 13:48</PriceUpdateDate>
      <ItemCode>3386460032681</ItemCode>
      <ItemType>1</ItemType>
      <ItemName>LEGEND א.ד.ט לגבר</ItemName>
      <ManufacturerName>מונבלאן</ManufacturerName>
      <ManufactureCountry>FR</ManufactureCountry>
      <ManufacturerItemDescription>LEGEND אדט לגבר</ManufacturerItemDescription>
      <UnitQty>מיליליטרים</UnitQty>
      <Quantity>100.00</Quantity>
      <bIsWeighted>0</bIsWeighted>
      <UnitOfMeasure>100 מ"ל</UnitOfMeasure>
      <QtyInPackage>1</QtyInPackage>
      <ItemPrice>189.00</ItemPrice>
      <UnitOfMeasurePrice>189.00</UnitOfMeasurePrice>
      <AllowDiscount>1</AllowDiscount>
      <ItemStatus>1</ItemStatus>
    </Item>
    <Item>
      <PriceUpdateDate>2018-11-25 11:22</PriceUpdateDate>
      <ItemCode>3423474889556</ItemCode>
      <ItemType>1</ItemType>
      <ItemName>איסימיאקי מג'ור לגבר אדט</ItemName>
      <ManufacturerName>איסימיאקי.</ManufacturerName>
      <ManufactureCountry>IL</ManufactureCountry>
      <ManufacturerItemDescription>איסימיאקי מג'ור</ManufacturerItemDescription>
      <UnitQty>מיליליטרים</UnitQty>
      <Quantity>100.00</Quantity>
      <bIsWeighted>0</bIsWeighted>
      <UnitOfMeasure>100 מ"ל</UnitOfMeasure>
      <QtyInPackage>0</QtyInPackage>
      <ItemPrice>198.00</ItemPrice>
      <UnitOfMeasurePrice>198.00</UnitOfMeasurePrice>
      <AllowDiscount>1</AllowDiscount>
      <ItemStatus>1</ItemStatus>
    </Item>
    <Item>
      <PriceUpdateDate>2018-03-06 07:07</PriceUpdateDate>
      <ItemCode>35000689535</ItemCode>
      <ItemType>1</ItemType>
      <ItemName>2 קולגייט מקס וייט סופט</ItemName>
      <ManufacturerName>קולגייט-פלמוליב</ManufacturerName>
      <ManufactureCountry>CN</ManufactureCountry>
      <ManufacturerItemDescription>מברשות שיניים2X</ManufacturerItemDescription>
      <UnitQty>יחידה</UnitQty>
      <Quantity>1.00</Quantity>
      <bIsWeighted>0</bIsWeighted>
      <UnitOfMeasure>יחידה</UnitOfMeasure>
      <QtyInPackage>0</QtyInPackage>
      <ItemPrice>15.90</ItemPrice>
      <UnitOfMeasurePrice>15.90</UnitOfMeasurePrice>
      <AllowDiscount>1</AllowDiscount>
      <ItemStatus>1</ItemStatus>
    </Item>
    <Item>
      <PriceUpdateDate>2018-11-23 13:49</PriceUpdateDate>
      <ItemCode>3574660696028</ItemCode>
      <ItemType>1</ItemType>
      <ItemName>ק.ידיים ניוטרוג'ינה 50מל</ItemName>
      <ManufacturerName>ג'ונסון</ManufacturerName>
      <ManufactureCountry>FR</ManufactureCountry>
      <ManufacturerItemDescription>קרם ידיים</ManufacturerItemDescription>
      <UnitQty>מיליליטרים</UnitQty>
      <Quantity>50.00</Quantity>
      <bIsWeighted>0</bIsWeighted>
      <UnitOfMeasure>100 מ"ל</UnitOfMeasure>
      <QtyInPackage>0</QtyInPackage>
      <ItemPrice>24.90</ItemPrice>
      <UnitOfMeasurePrice>49.80</UnitOfMeasurePrice>
      <AllowDiscount>1</AllowDiscount>
      <ItemStatus>1</ItemStatus>
    </Item>
    <Item>
      <PriceUpdateDate>2019-04-02 10:57</PriceUpdateDate>
      <ItemCode>3574661236445</ItemCode>
      <ItemType>1</ItemType>
      <ItemName>מסיר איפור עיניים</ItemName>
      <ManufacturerName>ג'ונסון</ManufacturerName>
      <ManufactureCountry>GR</ManufactureCountry>
      <ManufacturerItemDescription>מסיר איפור</ManufacturerItemDescription>
      <UnitQty>מיליליטרים</UnitQty>
      <Quantity>125.00</Quantity>
      <bIsWeighted>0</bIsWeighted>
      <UnitOfMeasure>100 מ"ל</UnitOfMeasure>
      <QtyInPackage>1</QtyInPackage>
      <ItemPrice>38.90</ItemPrice>
      <UnitOfMeasurePrice>31.12</UnitOfMeasurePrice>
      <AllowDiscount>1</AllowDiscount>
      <ItemStatus>1</ItemStatus>
    </Item>
    <Item>
      <PriceUpdateDate>2019-09-22 12:51</PriceUpdateDate>
      <ItemCode>36000258295</ItemCode>
      <ItemType>1</ItemType>
      <ItemName>קלינקס לושן עם אלוורה 75</ItemName>
      <ManufacturerName>קלינקס</ManufacturerName>
      <ManufactureCountry>US</ManufactureCountry>
      <ManufacturerItemDescription>קלינקס לושן</ManufacturerItemDescription>
      <UnitQty>יחידה</UnitQty>
      <Quantity>1.00</Quantity>
      <bIsWeighted>0</bIsWeighted>
      <UnitOfMeasure>יחידה</UnitOfMeasure>
      <QtyInPackage>0</QtyInPackage>
      <ItemPrice>10.90</ItemPrice>
      <UnitOfMeasurePrice>10.90</UnitOfMeasurePrice>
      <AllowDiscount>1</AllowDiscount>
      <ItemStatus>1</ItemStatus>
    </Item>
    <Item>
      <PriceUpdateDate>2018-11-23 13:49</PriceUpdateDate>
      <ItemCode>3838824127644</ItemCode>
      <ItemType>1</ItemType>
      <ItemName>צבע סמי קיט פלטה מ4-98.</ItemName>
      <ManufacturerName>הנקל סוד</ManufacturerName>
      <ManufactureCountry>SI</ManufactureCountry>
      <ManufacturerItemDescription>צבע לשיער פלטה</ManufacturerItemDescription>
      <UnitQty>יחידה</UnitQty>
      <Quantity>1.00</Quantity>
      <bIsWeighted>0</bIsWeighted>
      <UnitOfMeasure>יחידה</UnitOfMeasure>
      <QtyInPackage>0</QtyInPackage>
      <ItemPrice>19.90</ItemPrice>
      <UnitOfMeasurePrice>19.90</UnitOfMeasurePrice>
      <AllowDiscount>1</AllowDiscount>
      <ItemStatus>1</ItemStatus>
    </Item>
    <Item>
      <PriceUpdateDate>2019-02-12 15:47</PriceUpdateDate>
      <ItemCode>4009900403023</ItemCode>
      <ItemType>1</ItemType>
      <ItemName>מסטיק אורביט ויט מנטה64ג</ItemName>
      <ManufacturerName>ריגלי</ManufacturerName>
      <ManufactureCountry>PL</ManufactureCountry>
      <ManufacturerItemDescription>אורביט בקבוקון</ManufacturerItemDescription>
      <UnitQty>גרמים</UnitQty>
      <Quantity>64.00</Quantity>
      <bIsWeighted>0</bIsWeighted>
      <UnitOfMeasure>100 גרם</UnitOfMeasure>
      <QtyInPackage>0</QtyInPackage>
      <ItemPrice>11.90</ItemPrice>
      <UnitOfMeasurePrice>18.59</UnitOfMeasurePrice>
      <AllowDiscount>1</AllowDiscount>
      <ItemStatus>1</ItemStatus>
    </Item>
    <Item>
      <PriceUpdateDate>2018-07-11 12:05</PriceUpdateDate>
      <ItemCode>4011800632519</ItemCode>
      <ItemType>1</ItemType>
      <ItemName>קורני חטיפי קוקוס שוק6יח</ItemName>
      <ManufacturerName>Schwartauer</ManufacturerName>
      <ManufactureCountry>DE</ManufactureCountry>
      <ManufacturerItemDescription>קורני חטיף דגנים</ManufacturerItemDescription>
      <UnitQty>גרמים</UnitQty>
      <Quantity>150.00</Quantity>
      <bIsWeighted>0</bIsWeighted>
      <UnitOfMeasure>100 גרם</UnitOfMeasure>
      <QtyInPackage>0</QtyInPackage>
      <ItemPrice>9.90</ItemPrice>
      <UnitOfMeasurePrice>6.60</UnitOfMeasurePrice>
      <AllowDiscount>1</AllowDiscount>
      <ItemStatus>1</ItemStatus>
    </Item>
    <Item>
      <PriceUpdateDate>2019-04-02 10:57</PriceUpdateDate>
      <ItemCode>4015400755241</ItemCode>
      <ItemType>1</ItemType>
      <ItemName>28תח.אולוייז דואו נורמל+</ItemName>
      <ManufacturerName>פרוקטר אנד גמבל</ManufacturerName>
      <ManufactureCountry>UA</ManufactureCountry>
      <ManufacturerItemDescription>תחבושות אולוייז</ManufacturerItemDescription>
      <UnitQty>יחידה</UnitQty>
      <Quantity>1.00</Quantity>
      <bIsWeighted>0</bIsWeighted>
      <UnitOfMeasure>יחידה</UnitOfMeasure>
      <QtyInPackage>1</QtyInPackage>
      <ItemPrice>24.90</ItemPrice>
      <UnitOfMeasurePrice>24.90</UnitOfMeasurePrice>
      <AllowDiscount>1</AllowDiscount>
      <ItemStatus>1</ItemStatus>
    </Item>
    <Item>
      <PriceUpdateDate>2019-04-02 10:57</PriceUpdateDate>
      <ItemCode>4015600763251</ItemCode>
      <ItemType>1</ItemType>
      <ItemName>שמפו הד&amp;שולדרס קלאסי 600</ItemName>
      <ManufacturerName>פרוקטר אנד גמבל</ManufacturerName>
      <ManufactureCountry>RO</ManufactureCountry>
      <ManufacturerItemDescription>שמפו הד&amp;שולדרס</ManufacturerItemDescription>
      <UnitQty>מיליליטרים</UnitQty>
      <Quantity>600.00</Quantity>
      <bIsWeighted>0</bIsWeighted>
      <UnitOfMeasure>100 מ"ל</UnitOfMeasure>
      <QtyInPackage>0</QtyInPackage>
      <ItemPrice>21.90</ItemPrice>
      <UnitOfMeasurePrice>3.65</UnitOfMeasurePrice>
      <AllowDiscount>1</AllowDiscount>
      <ItemStatus>1</ItemStatus>
    </Item>
    <Item>
      <PriceUpdateDate>2018-11-23 13:49</PriceUpdateDate>
      <ItemCode>4056800943739</ItemCode>
      <ItemType>1</ItemType>
      <ItemName>חמצן וולה 6% 60 מ"ל</ItemName>
      <ManufacturerName>פרוקטר &amp; גמבל</ManufacturerName>
      <ManufactureCountry>FR</ManufactureCountry>
      <ManufacturerItemDescription>חמצן וולה 6%</ManufacturerItemDescription>
      <UnitQty>מיליליטרים</UnitQty>
      <Quantity>60.00</Quantity>
      <bIsWeighted>0</bIsWeighted>
      <UnitOfMeasure>100 מ"ל</UnitOfMeasure>
      <QtyInPackage>0</QtyInPackage>
      <ItemPrice>5.50</ItemPrice>
      <UnitOfMeasurePrice>9.17</UnitOfMeasurePrice>
      <AllowDiscount>1</AllowDiscount>
      <ItemStatus>1</ItemStatus>
    </Item>
    <Item>
      <PriceUpdateDate>2018-11-23 13:49</PriceUpdateDate>
      <ItemCode>5052197038033</ItemCode>
      <ItemType>1</ItemType>
      <ItemName>רפידות ג'ל לנעלי יומיום</ItemName>
      <ManufacturerName>רקיט בית מרקחת</ManufacturerName>
      <ManufactureCountry>CN</ManufactureCountry>
      <ManufacturerItemDescription>רפידות גל אקטיב</ManufacturerItemDescription>
      <UnitQty>יחידה</UnitQty>
      <Quantity>1.00</Quantity>
      <bIsWeighted>0</bIsWeighted>
      <UnitOfMeasure>יחידה</UnitOfMeasure>
      <QtyInPackage>1</QtyInPackage>
      <ItemPrice>141.90</ItemPrice>
      <UnitOfMeasurePrice>141.90</UnitOfMeasurePrice>
      <AllowDiscount>1</AllowDiscount>
      <ItemStatus>1</ItemStatus>
    </Item>
    <Item>
      <PriceUpdateDate>2018-11-23 13:49</PriceUpdateDate>
      <ItemCode>5900020024770</ItemCode>
      <ItemType>1</ItemType>
      <ItemName>חט.דגנ.בר דליס שוק.אגוז</ItemName>
      <ManufacturerName>סי. פי. פולין</ManufacturerName>
      <ManufactureCountry>PL</ManufactureCountry>
      <ManufacturerItemDescription>חטיף דגנים פיטנס</ManufacturerItemDescription>
      <UnitQty>גרמים</UnitQty>
      <Quantity>135.00</Quantity>
      <bIsWeighted>0</bIsWeighted>
      <UnitOfMeasure>100 גרם</UnitOfMeasure>
      <QtyInPackage>1</QtyInPackage>
      <ItemPrice>14.90</ItemPrice>
      <UnitOfMeasurePrice>11.04</UnitOfMeasurePrice>
      <AllowDiscount>1</AllowDiscount>
      <ItemStatus>1</ItemStatus>
    </Item>
    <Item>
      <PriceUpdateDate>2018-11-23 13:49</PriceUpdateDate>
      <ItemCode>5900020024817</ItemCode>
      <ItemType>1</ItemType>
      <ItemName>חט.דגנים בר דליס שוק.לבן</ItemName>
      <ManufacturerName>סי. פי. פולין</ManufacturerName>
      <ManufactureCountry>PL</ManufactureCountry>
      <ManufacturerItemDescription>חטיף דגנים פיטנס</ManufacturerItemDescription>
      <UnitQty>גרמים</UnitQty>
      <Quantity>135.00</Quantity>
      <bIsWeighted>0</bIsWeighted>
      <UnitOfMeasure>100 גרם</UnitOfMeasure>
      <QtyInPackage>1</QtyInPackage>
      <ItemPrice>14.90</ItemPrice>
      <UnitOfMeasurePrice>11.04</UnitOfMeasurePrice>
      <AllowDiscount>1</AllowDiscount>
      <ItemStatus>1</ItemStatus>
    </Item>
    <Item>
      <PriceUpdateDate>2018-11-23 13:49</PriceUpdateDate>
      <ItemCode>5900020025647</ItemCode>
      <ItemType>1</ItemType>
      <ItemName>חט.דגנים בר דליס שוק.חלב</ItemName>
      <ManufacturerName>סי. פי. פולין</ManufacturerName>
      <ManufactureCountry>PL</ManufactureCountry>
      <ManufacturerItemDescription>חטיף דגנים פיטנס</ManufacturerItemDescription>
      <UnitQty>גרמים</UnitQty>
      <Quantity>135.00</Quantity>
      <bIsWeighted>0</bIsWeighted>
      <UnitOfMeasure>100 גרם</UnitOfMeasure>
      <QtyInPackage>1</QtyInPackage>
      <ItemPrice>14.90</ItemPrice>
      <UnitOfMeasurePrice>11.04</UnitOfMeasurePrice>
      <AllowDiscount>1</AllowDiscount>
      <ItemStatus>1</ItemStatus>
    </Item>
    <Item>
      <PriceUpdateDate>2018-11-23 13:49</PriceUpdateDate>
      <ItemCode>7290000193649</ItemCode>
      <ItemType>1</ItemType>
      <ItemName>24 תחבושות לילי נורמל+</ItemName>
      <ManufacturerName>חוגלה קימברלי</ManufacturerName>
      <ManufactureCountry>ES</ManufactureCountry>
      <ManufacturerItemDescription>תחבושות לילי</ManufacturerItemDescription>
      <UnitQty>יחידה</UnitQty>
      <Quantity>1.00</Quantity>
      <bIsWeighted>0</bIsWeighted>
      <UnitOfMeasure>יחידה</UnitOfMeasure>
      <QtyInPackage>0</QtyInPackage>
      <ItemPrice>13.90</ItemPrice>
      <UnitOfMeasurePrice>13.90</UnitOfMeasurePrice>
      <AllowDiscount>1</AllowDiscount>
      <ItemStatus>1</ItemStatus>
    </Item>
    <Item>
      <PriceUpdateDate>2018-11-23 13:49</PriceUpdateDate>
      <ItemCode>7290000193793</ItemCode>
      <ItemType>1</ItemType>
      <ItemName>24 לילי נטורל נורמל</ItemName>
      <ManufacturerName>חוגלה קימברלי</ManufacturerName>
      <ManufactureCountry>ES</ManufactureCountry>
      <ManufacturerItemDescription>תחבושות לילי</ManufacturerItemDescription>
      <UnitQty>יחידה</UnitQty>
      <Quantity>1.00</Quantity>
      <bIsWeighted>0</bIsWeighted>
      <UnitOfMeasure>יחידה</UnitOfMeasure>
      <QtyInPackage>0</QtyInPackage>
      <ItemPrice>13.90</ItemPrice>
      <UnitOfMeasurePrice>13.90</UnitOfMeasurePrice>
      <AllowDiscount>1</AllowDiscount>
      <ItemStatus>1</ItemStatus>
    </Item>
    <Item>
      <PriceUpdateDate>2018-11-23 13:49</PriceUpdateDate>
      <ItemCode>7290000199313</ItemCode>
      <ItemType>1</ItemType>
      <ItemName>קוטקס יאנג 30 יחידות</ItemName>
      <ManufacturerName>חוגלה קימברלי</ManufacturerName>
      <ManufactureCountry>CN</ManufactureCountry>
      <ManufacturerItemDescription>קוטקס תחבושות</ManufacturerItemDescription>
      <UnitQty>יחידה</UnitQty>
      <Quantity>1.00</Quantity>
      <bIsWeighted>0</bIsWeighted>
      <UnitOfMeasure>יחידה</UnitOfMeasure>
      <QtyInPackage>0</QtyInPackage>
      <ItemPrice>21.90</ItemPrice>
      <UnitOfMeasurePrice>21.90</UnitOfMeasurePrice>
      <AllowDiscount>1</AllowDiscount>
      <ItemStatus>1</ItemStatus>
    </Item>
    <Item>
      <PriceUpdateDate>2018-06-11 12:28</PriceUpdateDate>
      <ItemCode>7290000292687</ItemCode>
      <ItemType>1</ItemType>
      <ItemName>סנובון כחול שלישיה55*3גר</ItemName>
      <ManufacturerName>סנו מפעלי ברונו בעמ</ManufacturerName>
      <ManufactureCountry>IL</ManufactureCountry>
      <ManufacturerItemDescription>סנובון כחול 3 יח</ManufacturerItemDescription>
      <UnitQty>גרמים</UnitQty>
      <Quantity>165.00</Quantity>
      <bIsWeighted>0</bIsWeighted>
      <UnitOfMeasure>100 גרם</UnitOfMeasure>
      <QtyInPackage>0</QtyInPackage>
      <ItemPrice>13.90</ItemPrice>
      <UnitOfMeasurePrice>8.42</UnitOfMeasurePrice>
      <AllowDiscount>1</AllowDiscount>
      <ItemStatus>1</ItemStatus>
    </Item>
    <Item>
      <PriceUpdateDate>2019-06-26 08:57</PriceUpdateDate>
      <ItemCode>7290002002857</ItemCode>
      <ItemType>1</ItemType>
      <ItemName>נייר שעווה 50 יחידות</ItemName>
      <ManufacturerName>אלסום ביגנדו</ManufacturerName>
      <ManufactureCountry>IL</ManufactureCountry>
      <ManufacturerItemDescription>נייר שעווה</ManufacturerItemDescription>
      <UnitQty>יחידה</UnitQty>
      <Quantity>1.00</Quantity>
      <bIsWeighted>0</bIsWeighted>
      <UnitOfMeasure>יחידה</UnitOfMeasure>
      <QtyInPackage>0</QtyInPackage>
      <ItemPrice>19.90</ItemPrice>
      <UnitOfMeasurePrice>19.90</UnitOfMeasurePrice>
      <AllowDiscount>1</AllowDiscount>
      <ItemStatus>1</ItemStatus>
    </Item>
    <Item>
      <PriceUpdateDate>2018-03-06 07:07</PriceUpdateDate>
      <ItemCode>7290002730354</ItemCode>
      <ItemType>1</ItemType>
      <ItemName>12 תחבושות הגיינה וניה</ItemName>
      <ManufacturerName>---</ManufacturerName>
      <ManufactureCountry>BE</ManufactureCountry>
      <ManufacturerItemDescription>תחבושות הגיינה</ManufacturerItemDescription>
      <UnitQty>יחידה</UnitQty>
      <Quantity>1.00</Quantity>
      <bIsWeighted>0</bIsWeighted>
      <UnitOfMeasure>יחידה</UnitOfMeasure>
      <QtyInPackage>0</QtyInPackage>
      <ItemPrice>24.90</ItemPrice>
      <UnitOfMeasurePrice>24.90</UnitOfMeasurePrice>
      <AllowDiscount>1</AllowDiscount>
      <ItemStatus>1</ItemStatus>
    </Item>
    <Item>
      <PriceUpdateDate>2018-05-01 17:03</PriceUpdateDate>
      <ItemCode>7290002730675</ItemCode>
      <ItemType>1</ItemType>
      <ItemName>משחת קולגייט אדום 100מ"ל</ItemName>
      <ManufacturerName>קולגייט פלמוליב</ManufacturerName>
      <ManufactureCountry>BE</ManufactureCountry>
      <ManufacturerItemDescription>משחת שיניים</ManufacturerItemDescription>
      <UnitQty>מיליליטרים</UnitQty>
      <Quantity>100.00</Quantity>
      <bIsWeighted>0</bIsWeighted>
      <UnitOfMeasure>100 מ"ל</UnitOfMeasure>
      <QtyInPackage>0</QtyInPackage>
      <ItemPrice>7.90</ItemPrice>
      <UnitOfMeasurePrice>7.90</UnitOfMeasurePrice>
      <AllowDiscount>1</AllowDiscount>
      <ItemStatus>1</ItemStatus>
    </Item>
    <Item>
      <PriceUpdateDate>2018-05-01 16:59</PriceUpdateDate>
      <ItemCode>7290004078942</ItemCode>
      <ItemType>1</ItemType>
      <ItemName>ליידי ס.סטיק ג'ל מרענן</ItemName>
      <ManufacturerName>קולגייט פלמוליב</ManufacturerName>
      <ManufactureCountry>US</ManufactureCountry>
      <ManufacturerItemDescription>דאודורנט</ManufacturerItemDescription>
      <UnitQty>גרמים</UnitQty>
      <Quantity>65.00</Quantity>
      <bIsWeighted>0</bIsWeighted>
      <UnitOfMeasure>100 גרם</UnitOfMeasure>
      <QtyInPackage>0</QtyInPackage>
      <ItemPrice>19.90</ItemPrice>
      <UnitOfMeasurePrice>30.62</UnitOfMeasurePrice>
      <AllowDiscount>1</AllowDiscount>
      <ItemStatus>1</ItemStatus>
    </Item>
    <Item>
      <PriceUpdateDate>2018-11-23 13:49</PriceUpdateDate>
      <ItemCode>7290005427923</ItemCode>
      <ItemType>1</ItemType>
      <ItemName>קרמה תח.רחצה פסיפלורה750</ItemName>
      <ManufacturerName>קוסמופארם</ManufacturerName>
      <ManufactureCountry>IL</ManufactureCountry>
      <ManufacturerItemDescription>קרמה תחליב רחצ</ManufacturerItemDescription>
      <UnitQty>מיליליטרים</UnitQty>
      <Quantity>750.00</Quantity>
      <bIsWeighted>0</bIsWeighted>
      <UnitOfMeasure>100 מ"ל</UnitOfMeasure>
      <QtyInPackage>0</QtyInPackage>
      <ItemPrice>15.90</ItemPrice>
      <UnitOfMeasurePrice>2.12</UnitOfMeasurePrice>
      <AllowDiscount>1</AllowDiscount>
      <ItemStatus>1</ItemStatus>
    </Item>
    <Item>
      <PriceUpdateDate>2019-04-02 10:57</PriceUpdateDate>
      <ItemCode>7290005427985</ItemCode>
      <ItemType>1</ItemType>
      <ItemName>קרמה ת.רחצה לפנים+ג.פילי</ItemName>
      <ManufacturerName>קוסמופארם</ManufacturerName>
      <ManufactureCountry>IL</ManufactureCountry>
      <ManufacturerItemDescription>ת.רחצה לפנים+ג</ManufacturerItemDescription>
      <UnitQty>מיליליטרים</UnitQty>
      <Quantity>180.00</Quantity>
      <bIsWeighted>0</bIsWeighted>
      <UnitOfMeasure>100 מ"ל</UnitOfMeasure>
      <QtyInPackage>0</QtyInPackage>
      <ItemPrice>12.90</ItemPrice>
      <UnitOfMeasurePrice>7.16</UnitOfMeasurePrice>
      <AllowDiscount>1</AllowDiscount>
      <ItemStatus>1</ItemStatus>
    </Item>
    <Item>
      <PriceUpdateDate>2018-08-12 11:41</PriceUpdateDate>
      <ItemCode>7290008464192</ItemCode>
      <ItemType>1</ItemType>
      <ItemName>פיקסי תפוח למונגראס275מל</ItemName>
      <ManufacturerName>טמפו משקאות בע"\מ</ManufacturerName>
      <ManufactureCountry>IL</ManufactureCountry>
      <ManufacturerItemDescription>פיקסי תפוח</ManufacturerItemDescription>
      <UnitQty>מיליליטרים</UnitQty>
      <Quantity>275.00</Quantity>
      <bIsWeighted>0</bIsWeighted>
      <UnitOfMeasure>100 מ"ל</UnitOfMeasure>
      <QtyInPackage>1</QtyInPackage>
      <ItemPrice>5.00</ItemPrice>
      <UnitOfMeasurePrice>1.82</UnitOfMeasurePrice>
      <AllowDiscount>1</AllowDiscount>
      <ItemStatus>1</ItemStatus>
    </Item>
    <Item>
      <PriceUpdateDate>2019-04-02 10:57</PriceUpdateDate>
      <ItemCode>7290008894166</ItemCode>
      <ItemType>1</ItemType>
      <ItemName>MOIST SUBLIME HYDRA קרם</ItemName>
      <ManufacturerName>גייד</ManufacturerName>
      <ManufactureCountry>IL</ManufactureCountry>
      <ManufacturerItemDescription>MO SUBLIME HYDRA</ManufacturerItemDescription>
      <UnitQty>מיליליטרים</UnitQty>
      <Quantity>50.00</Quantity>
      <bIsWeighted>0</bIsWeighted>
      <UnitOfMeasure>100 מ"ל</UnitOfMeasure>
      <QtyInPackage>0</QtyInPackage>
      <ItemPrice>108.90</ItemPrice>
      <UnitOfMeasurePrice>217.80</UnitOfMeasurePrice>
      <AllowDiscount>1</AllowDiscount>
      <ItemStatus>1</ItemStatus>
    </Item>
    <Item>
      <PriceUpdateDate>2018-03-06 06:55</PriceUpdateDate>
      <ItemCode>7290010237548</ItemCode>
      <ItemType>1</ItemType>
      <ItemName>פפסי מקס</ItemName>
      <ManufacturerName />
      <ManufactureCountry>IL</ManufactureCountry>
      <ManufacturerItemDescription>פפסי מקס</ManufacturerItemDescription>
      <UnitQty>מיליליטרים</UnitQty>
      <Quantity>500.00</Quantity>
      <bIsWeighted>0</bIsWeighted>
      <UnitOfMeasure>100 מ"ל</UnitOfMeasure>
      <QtyInPackage>0</QtyInPackage>
      <ItemPrice>5.00</ItemPrice>
      <UnitOfMeasurePrice>1.00</UnitOfMeasurePrice>
      <AllowDiscount>1</AllowDiscount>
      <ItemStatus>1</ItemStatus>
    </Item>
    <Item>
      <PriceUpdateDate>2018-11-23 13:49</PriceUpdateDate>
      <ItemCode>7290012352034</ItemCode>
      <ItemType>1</ItemType>
      <ItemName>קרם לחות+GOשמן מקדמיה400</ItemName>
      <ManufacturerName>דנאגיס</ManufacturerName>
      <ManufactureCountry>IL</ManufactureCountry>
      <ManufacturerItemDescription>קרם לחות נטורל</ManufacturerItemDescription>
      <UnitQty>מיליליטרים</UnitQty>
      <Quantity>400.00</Quantity>
      <bIsWeighted>0</bIsWeighted>
      <UnitOfMeasure>100 מ"ל</UnitOfMeasure>
      <QtyInPackage>0</QtyInPackage>
      <ItemPrice>21.90</ItemPrice>
      <UnitOfMeasurePrice>5.48</UnitOfMeasurePrice>
      <AllowDiscount>1</AllowDiscount>
      <ItemStatus>1</ItemStatus>
    </Item>
    <Item>
      <PriceUpdateDate>2018-03-06 06:51</PriceUpdateDate>
      <ItemCode>7290012367823</ItemCode>
      <ItemType>1</ItemType>
      <ItemName>אמול שמן אמבט פורטה 200מ</ItemName>
      <ManufacturerName>פישר מעבדות פרמצבטיות בע</ManufacturerName>
      <ManufactureCountry>IL</ManufactureCountry>
      <ManufacturerItemDescription>אמול שמן אמבט</ManufacturerItemDescription>
      <UnitQty>מיליליטרים</UnitQty>
      <Quantity>200.00</Quantity>
      <bIsWeighted>0</bIsWeighted>
      <UnitOfMeasure>100 מ"ל</UnitOfMeasure>
      <QtyInPackage>0</QtyInPackage>
      <ItemPrice>56.00</ItemPrice>
      <UnitOfMeasurePrice>28.00</UnitOfMeasurePrice>
      <AllowDiscount>1</AllowDiscount>
      <ItemStatus>1</ItemStatus>
    </Item>
    <Item>
      <PriceUpdateDate>2018-11-23 13:49</PriceUpdateDate>
      <ItemCode>7290012938740</ItemCode>
      <ItemType>1</ItemType>
      <ItemName>משחת סנסודיין פרש מינט75</ItemName>
      <ManufacturerName>MICLEN DE</ManufacturerName>
      <ManufactureCountry>GB</ManufactureCountry>
      <ManufacturerItemDescription>משחת סנסודיין</ManufacturerItemDescription>
      <UnitQty>מיליליטרים</UnitQty>
      <Quantity>75.00</Quantity>
      <bIsWeighted>0</bIsWeighted>
      <UnitOfMeasure>100 מ"ל</UnitOfMeasure>
      <QtyInPackage>0</QtyInPackage>
      <ItemPrice>16.90</ItemPrice>
      <UnitOfMeasurePrice>22.53</UnitOfMeasurePrice>
      <AllowDiscount>1</AllowDiscount>
      <ItemStatus>1</ItemStatus>
    </Item>
    <Item>
      <PriceUpdateDate>2018-11-23 13:49</PriceUpdateDate>
      <ItemCode>7290013652836</ItemCode>
      <ItemType>1</ItemType>
      <ItemName>ק.ידיים נטורל קר רגיל150</ItemName>
      <ManufacturerName>פישר מעבדות פרמצבטיות בע</ManufacturerName>
      <ManufactureCountry>IL</ManufactureCountry>
      <ManufacturerItemDescription>קרם ידיים נטורל</ManufacturerItemDescription>
      <UnitQty>מיליליטרים</UnitQty>
      <Quantity>150.00</Quantity>
      <bIsWeighted>0</bIsWeighted>
      <UnitOfMeasure>100 מ"ל</UnitOfMeasure>
      <QtyInPackage>0</QtyInPackage>
      <ItemPrice>13.90</ItemPrice>
      <UnitOfMeasurePrice>9.27</UnitOfMeasurePrice>
      <AllowDiscount>1</AllowDiscount>
      <ItemStatus>1</ItemStatus>
    </Item>
    <Item>
      <PriceUpdateDate>2019-03-22 09:35</PriceUpdateDate>
      <ItemCode>7290016094008</ItemCode>
      <ItemType>1</ItemType>
      <ItemName>אולטרסול קרם פניםSPF50</ItemName>
      <ManufacturerName>פישר מעבדות פרמצבטיות בע</ManufacturerName>
      <ManufactureCountry>IL</ManufactureCountry>
      <ManufacturerItemDescription>אולטרסול</ManufacturerItemDescription>
      <UnitQty>מיליליטרים</UnitQty>
      <Quantity>75.00</Quantity>
      <bIsWeighted>0</bIsWeighted>
      <UnitOfMeasure>100 מ"ל</UnitOfMeasure>
      <QtyInPackage>1</QtyInPackage>
      <ItemPrice>49.90</ItemPrice>
      <UnitOfMeasurePrice>66.53</UnitOfMeasurePrice>
      <AllowDiscount>1</AllowDiscount>
      <ItemStatus>1</ItemStatus>
    </Item>
    <Item>
      <PriceUpdateDate>2019-04-02 10:57</PriceUpdateDate>
      <ItemCode>7290016866650</ItemCode>
      <ItemType>1</ItemType>
      <ItemName>מש.פרודונטקס אוריגינל75מ</ItemName>
      <ManufacturerName>DEMICLEN</ManufacturerName>
      <ManufactureCountry>SK</ManufactureCountry>
      <ManufacturerItemDescription>משחה פרודונטקס</ManufacturerItemDescription>
      <UnitQty>מיליליטרים</UnitQty>
      <Quantity>75.00</Quantity>
      <bIsWeighted>0</bIsWeighted>
      <UnitOfMeasure>100 מ"ל</UnitOfMeasure>
      <QtyInPackage>1</QtyInPackage>
      <ItemPrice>24.90</ItemPrice>
      <UnitOfMeasurePrice>33.20</UnitOfMeasurePrice>
      <AllowDiscount>1</AllowDiscount>
      <ItemStatus>1</ItemStatus>
    </Item>
    <Item>
      <PriceUpdateDate>2019-04-02 10:57</PriceUpdateDate>
      <ItemCode>7290016866667</ItemCode>
      <ItemType>1</ItemType>
      <ItemName>פרודונטקס ללא פלואוריד75</ItemName>
      <ManufacturerName>DEMICLEN</ManufacturerName>
      <ManufactureCountry>SK</ManufactureCountry>
      <ManufacturerItemDescription>משחה פרודונטקס</ManufacturerItemDescription>
      <UnitQty>מיליליטרים</UnitQty>
      <Quantity>75.00</Quantity>
      <bIsWeighted>0</bIsWeighted>
      <UnitOfMeasure>100 מ"ל</UnitOfMeasure>
      <QtyInPackage>1</QtyInPackage>
      <ItemPrice>24.90</ItemPrice>
      <UnitOfMeasurePrice>33.20</UnitOfMeasurePrice>
      <AllowDiscount>1</AllowDiscount>
      <ItemStatus>1</ItemStatus>
    </Item>
    <Item>
      <PriceUpdateDate>2018-11-26 09:45</PriceUpdateDate>
      <ItemCode>7290016912500</ItemCode>
      <ItemType>1</ItemType>
      <ItemName>תרחיץ פנים אפרטיב רגי180</ItemName>
      <ManufacturerName>פישר מעבדות פרמצבטיות בע</ManufacturerName>
      <ManufactureCountry>IL</ManufactureCountry>
      <ManufacturerItemDescription>תרחיץ פנים</ManufacturerItemDescription>
      <UnitQty>מיליליטרים</UnitQty>
      <Quantity>180.00</Quantity>
      <bIsWeighted>0</bIsWeighted>
      <UnitOfMeasure>100 מ"ל</UnitOfMeasure>
      <QtyInPackage>1</QtyInPackage>
      <ItemPrice>16.90</ItemPrice>
      <UnitOfMeasurePrice>9.39</UnitOfMeasurePrice>
      <AllowDiscount>1</AllowDiscount>
      <ItemStatus>1</ItemStatus>
    </Item>
    <Item>
      <PriceUpdateDate>2019-05-19 10:51</PriceUpdateDate>
      <ItemCode>7290103128739</ItemCode>
      <ItemType>1</ItemType>
      <ItemName>קיסמי אוזניים</ItemName>
      <ManufacturerName />
      <ManufactureCountry>GR</ManufactureCountry>
      <ManufacturerItemDescription>קיסמי אוזניים</ManufacturerItemDescription>
      <UnitQty>יחידה</UnitQty>
      <Quantity>1.00</Quantity>
      <bIsWeighted>0</bIsWeighted>
      <UnitOfMeasure>יחידה</UnitOfMeasure>
      <QtyInPackage>0</QtyInPackage>
      <ItemPrice>6.90</ItemPrice>
      <UnitOfMeasurePrice>6.90</UnitOfMeasurePrice>
      <AllowDiscount>1</AllowDiscount>
      <ItemStatus>1</ItemStatus>
    </Item>
    <Item>
      <PriceUpdateDate>2019-04-02 10:57</PriceUpdateDate>
      <ItemCode>7290103332136</ItemCode>
      <ItemType>1</ItemType>
      <ItemName>COLLAGEN GOLD סרום</ItemName>
      <ManufacturerName>גייד</ManufacturerName>
      <ManufactureCountry>IL</ManufactureCountry>
      <ManufacturerItemDescription>GOLD סרום</ManufacturerItemDescription>
      <UnitQty>מיליליטרים</UnitQty>
      <Quantity>30.00</Quantity>
      <bIsWeighted>0</bIsWeighted>
      <UnitOfMeasure>100 מ"ל</UnitOfMeasure>
      <QtyInPackage>0</QtyInPackage>
      <ItemPrice>138.90</ItemPrice>
      <UnitOfMeasurePrice>463.00</UnitOfMeasurePrice>
      <AllowDiscount>1</AllowDiscount>
      <ItemStatus>1</ItemStatus>
    </Item>
    <Item>
      <PriceUpdateDate>2019-04-02 10:57</PriceUpdateDate>
      <ItemCode>7290103333713</ItemCode>
      <ItemType>1</ItemType>
      <ItemName>G MUSK ICON תחליב לאשה</ItemName>
      <ManufacturerName>גייד בישום</ManufacturerName>
      <ManufactureCountry>IL</ManufactureCountry>
      <ManufacturerItemDescription>G MUSK ICONתחליב</ManufacturerItemDescription>
      <UnitQty>מיליליטרים</UnitQty>
      <Quantity>200.00</Quantity>
      <bIsWeighted>0</bIsWeighted>
      <UnitOfMeasure>100 מ"ל</UnitOfMeasure>
      <QtyInPackage>0</QtyInPackage>
      <ItemPrice>48.90</ItemPrice>
      <UnitOfMeasurePrice>24.45</UnitOfMeasurePrice>
      <AllowDiscount>1</AllowDiscount>
      <ItemStatus>1</ItemStatus>
    </Item>
    <Item>
      <PriceUpdateDate>2019-04-02 10:57</PriceUpdateDate>
      <ItemCode>7290106293168</ItemCode>
      <ItemType>1</ItemType>
      <ItemName>Premium Gold סרום</ItemName>
      <ManufacturerName>גייד</ManufacturerName>
      <ManufactureCountry>IL</ManufactureCountry>
      <ManufacturerItemDescription>Gold סרום</ManufacturerItemDescription>
      <UnitQty>מיליליטרים</UnitQty>
      <Quantity>30.00</Quantity>
      <bIsWeighted>0</bIsWeighted>
      <UnitOfMeasure>100 מ"ל</UnitOfMeasure>
      <QtyInPackage>0</QtyInPackage>
      <ItemPrice>198.90</ItemPrice>
      <UnitOfMeasurePrice>663.00</UnitOfMeasurePrice>
      <AllowDiscount>1</AllowDiscount>
      <ItemStatus>1</ItemStatus>
    </Item>
    <Item>
      <PriceUpdateDate>2018-03-11 08:25</PriceUpdateDate>
      <ItemCode>7290106658479</ItemCode>
      <ItemType>1</ItemType>
      <ItemName>טורטית מגדים 40 גרם</ItemName>
      <ManufacturerName>שטראוס גרופ בע"\מ</ManufacturerName>
      <ManufactureCountry>IL</ManufactureCountry>
      <ManufacturerItemDescription>טורטית מגדים</ManufacturerItemDescription>
      <UnitQty>גרמים</UnitQty>
      <Quantity>40.00</Quantity>
      <bIsWeighted>0</bIsWeighted>
      <UnitOfMeasure>100 גרם</UnitOfMeasure>
      <QtyInPackage>1</QtyInPackage>
      <ItemPrice>4.90</ItemPrice>
      <UnitOfMeasurePrice>12.25</UnitOfMeasurePrice>
      <AllowDiscount>1</AllowDiscount>
      <ItemStatus>1</ItemStatus>
    </Item>
    <Item>
      <PriceUpdateDate>2018-11-26 09:45</PriceUpdateDate>
      <ItemCode>7290111340871</ItemCode>
      <ItemType>1</ItemType>
      <ItemName>9 תחתוני לייקרה אשה XL</ItemName>
      <ManufacturerName>חוגלה קימברלי</ManufacturerName>
      <ManufactureCountry>CZ</ManufactureCountry>
      <ManufacturerItemDescription>תחתוני לייקרה</ManufacturerItemDescription>
      <UnitQty>יחידה</UnitQty>
      <Quantity>1.00</Quantity>
      <bIsWeighted>0</bIsWeighted>
      <UnitOfMeasure>יחידה</UnitOfMeasure>
      <QtyInPackage>1</QtyInPackage>
      <ItemPrice>52.90</ItemPrice>
      <UnitOfMeasurePrice>52.90</UnitOfMeasurePrice>
      <AllowDiscount>1</AllowDiscount>
      <ItemStatus>1</ItemStatus>
    </Item>
    <Item>
      <PriceUpdateDate>2019-08-30 05:35</PriceUpdateDate>
      <ItemCode>7290111351648</ItemCode>
      <ItemType>1</ItemType>
      <ItemName>בייגלה בתוספת מלח 80 גר</ItemName>
      <ManufacturerName>אלקה קו</ManufacturerName>
      <ManufactureCountry>RO</ManufactureCountry>
      <ManufacturerItemDescription>בייגלה בתוספת מל</ManufacturerItemDescription>
      <UnitQty>גרמים</UnitQty>
      <Quantity>80.00</Quantity>
      <bIsWeighted>0</bIsWeighted>
      <UnitOfMeasure>100 גרם</UnitOfMeasure>
      <QtyInPackage>1</QtyInPackage>
      <ItemPrice>2.90</ItemPrice>
      <UnitOfMeasurePrice>3.63</UnitOfMeasurePrice>
      <AllowDiscount>1</AllowDiscount>
      <ItemStatus>1</ItemStatus>
    </Item>
    <Item>
      <PriceUpdateDate>2019-03-08 09:51</PriceUpdateDate>
      <ItemCode>7290111427565</ItemCode>
      <ItemType>1</ItemType>
      <ItemName>HAVE SHOULDNT YOU קיטM</ItemName>
      <ManufacturerName>CHILL</ManufacturerName>
      <ManufactureCountry>IL</ManufactureCountry>
      <ManufacturerItemDescription>S.Have YOU קיטM</ManufacturerItemDescription>
      <UnitQty>יחידה</UnitQty>
      <Quantity>1.00</Quantity>
      <bIsWeighted>0</bIsWeighted>
      <UnitOfMeasure>יחידה</UnitOfMeasure>
      <QtyInPackage>1</QtyInPackage>
      <ItemPrice>99.00</ItemPrice>
      <UnitOfMeasurePrice>99.00</UnitOfMeasurePrice>
      <AllowDiscount>1</AllowDiscount>
      <ItemStatus>1</ItemStatus>
    </Item>
    <Item>
      <PriceUpdateDate>2018-10-26 05:41</PriceUpdateDate>
      <ItemCode>7296073332565</ItemCode>
      <ItemType>1</ItemType>
      <ItemName>קליפס בינוני 4 יח חום</ItemName>
      <ManufacturerName>BE NOW</ManufacturerName>
      <ManufactureCountry>CN</ManufactureCountry>
      <ManufacturerItemDescription>4קליפס M חום</ManufacturerItemDescription>
      <UnitQty>יחידה</UnitQty>
      <Quantity>1.00</Quantity>
      <bIsWeighted>0</bIsWeighted>
      <UnitOfMeasure>יחידה</UnitOfMeasure>
      <QtyInPackage>0</QtyInPackage>
      <ItemPrice>14.90</ItemPrice>
      <UnitOfMeasurePrice>14.90</UnitOfMeasurePrice>
      <AllowDiscount>1</AllowDiscount>
      <ItemStatus>1</ItemStatus>
    </Item>
    <Item>
      <PriceUpdateDate>2018-10-26 05:41</PriceUpdateDate>
      <ItemCode>7296073332855</ItemCode>
      <ItemType>1</ItemType>
      <ItemName>ספוג פלא ספוגים טורקיז</ItemName>
      <ManufacturerName>BE NOW</ManufacturerName>
      <ManufactureCountry>CN</ManufactureCountry>
      <ManufacturerItemDescription>ספוג פלא טורקיז</ManufacturerItemDescription>
      <UnitQty>יחידה</UnitQty>
      <Quantity>1.00</Quantity>
      <bIsWeighted>0</bIsWeighted>
      <UnitOfMeasure>יחידה</UnitOfMeasure>
      <QtyInPackage>0</QtyInPackage>
      <ItemPrice>8.90</ItemPrice>
      <UnitOfMeasurePrice>8.90</UnitOfMeasurePrice>
      <AllowDiscount>1</AllowDiscount>
      <ItemStatus>1</ItemStatus>
    </Item>
    <Item>
      <PriceUpdateDate>2018-12-06 08:27</PriceUpdateDate>
      <ItemCode>7296073333272</ItemCode>
      <ItemType>1</ItemType>
      <ItemName>סט בקבוקוני מילוי</ItemName>
      <ManufacturerName>BE NOW</ManufacturerName>
      <ManufactureCountry>CN</ManufactureCountry>
      <ManufacturerItemDescription>סט בקבוקי מילוי</ManufacturerItemDescription>
      <UnitQty>יחידה</UnitQty>
      <Quantity>1.00</Quantity>
      <bIsWeighted>0</bIsWeighted>
      <UnitOfMeasure>יחידה</UnitOfMeasure>
      <QtyInPackage>0</QtyInPackage>
      <ItemPrice>19.90</ItemPrice>
      <UnitOfMeasurePrice>19.90</UnitOfMeasurePrice>
      <AllowDiscount>1</AllowDiscount>
      <ItemStatus>1</ItemStatus>
    </Item>
    <Item>
      <PriceUpdateDate>2019-05-06 14:14</PriceUpdateDate>
      <ItemCode>7296073334347</ItemCode>
      <ItemType>1</ItemType>
      <ItemName>אציטון  בי   115 מ"ל</ItemName>
      <ManufacturerName>כללי</ManufacturerName>
      <ManufactureCountry>IL</ManufactureCountry>
      <ManufacturerItemDescription>אציטון  BE</ManufacturerItemDescription>
      <UnitQty>מיליליטרים</UnitQty>
      <Quantity>115.00</Quantity>
      <bIsWeighted>0</bIsWeighted>
      <UnitOfMeasure>100 מ"ל</UnitOfMeasure>
      <QtyInPackage>1</QtyInPackage>
      <ItemPrice>5.90</ItemPrice>
      <UnitOfMeasurePrice>5.13</UnitOfMeasurePrice>
      <AllowDiscount>1</AllowDiscount>
      <ItemStatus>1</ItemStatus>
    </Item>
    <Item>
      <PriceUpdateDate>2019-05-06 14:14</PriceUpdateDate>
      <ItemCode>7296073343301</ItemCode>
      <ItemType>1</ItemType>
      <ItemName>קסמי אזניים פלסטיק 200 י</ItemName>
      <ManufacturerName>BE NOW</ManufacturerName>
      <ManufactureCountry>IL</ManufactureCountry>
      <ManufacturerItemDescription>קסמי אזניים פלסט</ManufacturerItemDescription>
      <UnitQty>יחידה</UnitQty>
      <Quantity>1.00</Quantity>
      <bIsWeighted>0</bIsWeighted>
      <UnitOfMeasure>יחידה</UnitOfMeasure>
      <QtyInPackage>1</QtyInPackage>
      <ItemPrice>4.90</ItemPrice>
      <UnitOfMeasurePrice>4.90</UnitOfMeasurePrice>
      <AllowDiscount>1</AllowDiscount>
      <ItemStatus>1</ItemStatus>
    </Item>
    <Item>
      <PriceUpdateDate>2019-05-06 14:14</PriceUpdateDate>
      <ItemCode>7296073343493</ItemCode>
      <ItemType>1</ItemType>
      <ItemName>כדורי צמר גפן 100 יח'</ItemName>
      <ManufacturerName>BE NOW</ManufacturerName>
      <ManufactureCountry>IL</ManufactureCountry>
      <ManufacturerItemDescription>כדורי צמר גפן</ManufacturerItemDescription>
      <UnitQty>יחידה</UnitQty>
      <Quantity>1.00</Quantity>
      <bIsWeighted>0</bIsWeighted>
      <UnitOfMeasure>יחידה</UnitOfMeasure>
      <QtyInPackage>1</QtyInPackage>
      <ItemPrice>9.90</ItemPrice>
      <UnitOfMeasurePrice>9.90</UnitOfMeasurePrice>
      <AllowDiscount>1</AllowDiscount>
      <ItemStatus>1</ItemStatus>
    </Item>
    <Item>
      <PriceUpdateDate>2019-05-06 14:14</PriceUpdateDate>
      <ItemCode>7296073343813</ItemCode>
      <ItemType>1</ItemType>
      <ItemName>מגבונים להסרת איפור פחם</ItemName>
      <ManufacturerName>כללי</ManufacturerName>
      <ManufactureCountry>IL</ManufactureCountry>
      <ManufacturerItemDescription>מגבונים להסרת אי</ManufacturerItemDescription>
      <UnitQty>יחידה</UnitQty>
      <Quantity>1.00</Quantity>
      <bIsWeighted>0</bIsWeighted>
      <UnitOfMeasure>יחידה</UnitOfMeasure>
      <QtyInPackage>1</QtyInPackage>
      <ItemPrice>10.90</ItemPrice>
      <UnitOfMeasurePrice>10.90</UnitOfMeasurePrice>
      <AllowDiscount>1</AllowDiscount>
      <ItemStatus>1</ItemStatus>
    </Item>
    <Item>
      <PriceUpdateDate>2019-09-22 12:37</PriceUpdateDate>
      <ItemCode>7616500553460</ItemCode>
      <ItemType>1</ItemType>
      <ItemName>שוקולד מריר</ItemName>
      <ManufacturerName />
      <ManufactureCountry>CH</ManufactureCountry>
      <ManufacturerItemDescription>שוקולד מריר</ManufacturerItemDescription>
      <UnitQty>גרמים</UnitQty>
      <Quantity>100.00</Quantity>
      <bIsWeighted>0</bIsWeighted>
      <UnitOfMeasure>100 גרם</UnitOfMeasure>
      <QtyInPackage>0</QtyInPackage>
      <ItemPrice>8.90</ItemPrice>
      <UnitOfMeasurePrice>8.90</UnitOfMeasurePrice>
      <AllowDiscount>1</AllowDiscount>
      <ItemStatus>1</ItemStatus>
    </Item>
    <Item>
      <PriceUpdateDate>2018-11-23 13:49</PriceUpdateDate>
      <ItemCode>7702018321582</ItemCode>
      <ItemType>1</ItemType>
      <ItemName>דאו.סטיק מתקדם 45מ"לC.W</ItemName>
      <ManufacturerName>פרוקטר אנד גמבל</ManufacturerName>
      <ManufactureCountry>US</ManufactureCountry>
      <ManufacturerItemDescription>דאודורנט סטיק</ManufacturerItemDescription>
      <UnitQty>מיליליטרים</UnitQty>
      <Quantity>45.00</Quantity>
      <bIsWeighted>0</bIsWeighted>
      <UnitOfMeasure>100 מ"ל</UnitOfMeasure>
      <QtyInPackage>0</QtyInPackage>
      <ItemPrice>19.90</ItemPrice>
      <UnitOfMeasurePrice>44.22</UnitOfMeasurePrice>
      <AllowDiscount>1</AllowDiscount>
      <ItemStatus>1</ItemStatus>
    </Item>
    <Item>
      <PriceUpdateDate>2019-04-02 10:57</PriceUpdateDate>
      <ItemCode>7702018349869</ItemCode>
      <ItemType>1</ItemType>
      <ItemName>16 סכיני גילוח פיוז'ן</ItemName>
      <ManufacturerName>פרוקטר &amp; גמבל</ManufacturerName>
      <ManufactureCountry>DE</ManufactureCountry>
      <ManufacturerItemDescription>סכיני גילוח</ManufacturerItemDescription>
      <UnitQty>יחידה</UnitQty>
      <Quantity>1.00</Quantity>
      <bIsWeighted>0</bIsWeighted>
      <UnitOfMeasure>יחידה</UnitOfMeasure>
      <QtyInPackage>1</QtyInPackage>
      <ItemPrice>159.00</ItemPrice>
      <UnitOfMeasurePrice>159.00</UnitOfMeasurePrice>
      <AllowDiscount>1</AllowDiscount>
      <ItemStatus>1</ItemStatus>
    </Item>
    <Item>
      <PriceUpdateDate>2018-11-23 13:49</PriceUpdateDate>
      <ItemCode>80001485</ItemCode>
      <ItemType>1</ItemType>
      <ItemName>חטיף גרנדה קוקוס 38 גרם</ItemName>
      <ManufacturerName>לואקר</ManufacturerName>
      <ManufactureCountry>IT</ManufactureCountry>
      <ManufacturerItemDescription>חטיף גרנדה קוקוס</ManufacturerItemDescription>
      <UnitQty>גרמים</UnitQty>
      <Quantity>38.00</Quantity>
      <bIsWeighted>0</bIsWeighted>
      <UnitOfMeasure>100 גרם</UnitOfMeasure>
      <QtyInPackage>0</QtyInPackage>
      <ItemPrice>4.90</ItemPrice>
      <UnitOfMeasurePrice>12.89</UnitOfMeasurePrice>
      <AllowDiscount>1</AllowDiscount>
      <ItemStatus>1</ItemStatus>
    </Item>
    <Item>
      <PriceUpdateDate>2018-11-23 13:49</PriceUpdateDate>
      <ItemCode>80001911</ItemCode>
      <ItemType>1</ItemType>
      <ItemName>גרדנה שוקולד לבן גרדנה ש</ItemName>
      <ManufacturerName>לואקר</ManufacturerName>
      <ManufactureCountry>IT</ManufactureCountry>
      <ManufacturerItemDescription>גרדנה שוקולד לבן</ManufacturerItemDescription>
      <UnitQty>גרמים</UnitQty>
      <Quantity>38.00</Quantity>
      <bIsWeighted>0</bIsWeighted>
      <UnitOfMeasure>100 גרם</UnitOfMeasure>
      <QtyInPackage>1</QtyInPackage>
      <ItemPrice>4.90</ItemPrice>
      <UnitOfMeasurePrice>12.89</UnitOfMeasurePrice>
      <AllowDiscount>1</AllowDiscount>
      <ItemStatus>1</ItemStatus>
    </Item>
    <Item>
      <PriceUpdateDate>2018-11-23 13:49</PriceUpdateDate>
      <ItemCode>8001090066046</ItemCode>
      <ItemType>1</ItemType>
      <ItemName>דיסקריט 6 תחבושות לילה</ItemName>
      <ManufacturerName>פרוקטר &amp; גמבל</ManufacturerName>
      <ManufactureCountry>IL</ManufactureCountry>
      <ManufacturerItemDescription>תחבושות לילה</ManufacturerItemDescription>
      <UnitQty>יחידה</UnitQty>
      <Quantity>1.00</Quantity>
      <bIsWeighted>0</bIsWeighted>
      <UnitOfMeasure>יחידה</UnitOfMeasure>
      <QtyInPackage>1</QtyInPackage>
      <ItemPrice>16.90</ItemPrice>
      <UnitOfMeasurePrice>16.90</UnitOfMeasurePrice>
      <AllowDiscount>1</AllowDiscount>
      <ItemStatus>1</ItemStatus>
    </Item>
    <Item>
      <PriceUpdateDate>2019-06-17 14:27</PriceUpdateDate>
      <ItemCode>8001090222848</ItemCode>
      <ItemType>1</ItemType>
      <ItemName>שמפו הרבל שמן ארגן400מ</ItemName>
      <ManufacturerName>פרוקטר אנד גמבל</ManufacturerName>
      <ManufactureCountry>FR</ManufactureCountry>
      <ManufacturerItemDescription>שמפו הרבל אסנס</ManufacturerItemDescription>
      <UnitQty>מיליליטרים</UnitQty>
      <Quantity>400.00</Quantity>
      <bIsWeighted>0</bIsWeighted>
      <UnitOfMeasure>100 מ"ל</UnitOfMeasure>
      <QtyInPackage>1</QtyInPackage>
      <ItemPrice>19.90</ItemPrice>
      <UnitOfMeasurePrice>4.98</UnitOfMeasurePrice>
      <AllowDiscount>1</AllowDiscount>
      <ItemStatus>1</ItemStatus>
    </Item>
    <Item>
      <PriceUpdateDate>2019-06-07 05:38</PriceUpdateDate>
      <ItemCode>8001090899286</ItemCode>
      <ItemType>1</ItemType>
      <ItemName>14אולוויז פלטינום לילה</ItemName>
      <ManufacturerName>פרוקטר אנד גמבל</ManufacturerName>
      <ManufactureCountry>UA</ManufactureCountry>
      <ManufacturerItemDescription>תחבושות אולוויז</ManufacturerItemDescription>
      <UnitQty>יחידה</UnitQty>
      <Quantity>1.00</Quantity>
      <bIsWeighted>0</bIsWeighted>
      <UnitOfMeasure>יחידה</UnitOfMeasure>
      <QtyInPackage>1</QtyInPackage>
      <ItemPrice>24.90</ItemPrice>
      <UnitOfMeasurePrice>24.90</UnitOfMeasurePrice>
      <AllowDiscount>1</AllowDiscount>
      <ItemStatus>1</ItemStatus>
    </Item>
    <Item>
      <PriceUpdateDate>2019-06-07 05:38</PriceUpdateDate>
      <ItemCode>8001841053684</ItemCode>
      <ItemType>1</ItemType>
      <ItemName>12תחב.אולוויז עבה לונג+</ItemName>
      <ManufacturerName>פרוקטר אנד גמבל )ראה קוד</ManufacturerName>
      <ManufactureCountry>UA</ManufactureCountry>
      <ManufacturerItemDescription>תחבושות אולוויז</ManufacturerItemDescription>
      <UnitQty>יחידה</UnitQty>
      <Quantity>1.00</Quantity>
      <bIsWeighted>0</bIsWeighted>
      <UnitOfMeasure>יחידה</UnitOfMeasure>
      <QtyInPackage>1</QtyInPackage>
      <ItemPrice>13.90</ItemPrice>
      <UnitOfMeasurePrice>13.90</UnitOfMeasurePrice>
      <AllowDiscount>1</AllowDiscount>
      <ItemStatus>1</ItemStatus>
    </Item>
    <Item>
      <PriceUpdateDate>2018-11-23 13:48</PriceUpdateDate>
      <ItemCode>8011003825745</ItemCode>
      <ItemType>1</ItemType>
      <ItemName>BLU BLUE DYLAN א.ד.ט</ItemName>
      <ManufacturerName>לילית בישום</ManufacturerName>
      <ManufactureCountry>IL</ManufactureCountry>
      <ManufacturerItemDescription>BLU BLUE DYLAN</ManufacturerItemDescription>
      <UnitQty>מיליליטרים</UnitQty>
      <Quantity>100.00</Quantity>
      <bIsWeighted>0</bIsWeighted>
      <UnitOfMeasure>100 מ"ל</UnitOfMeasure>
      <QtyInPackage>0</QtyInPackage>
      <ItemPrice>248.00</ItemPrice>
      <UnitOfMeasurePrice>248.00</UnitOfMeasurePrice>
      <AllowDiscount>1</AllowDiscount>
      <ItemStatus>1</ItemStatus>
    </Item>
    <Item>
      <PriceUpdateDate>2018-03-06 07:06</PriceUpdateDate>
      <ItemCode>8034097959721</ItemCode>
      <ItemType>1</ItemType>
      <ItemName>פאראגמו סיגנוריה מיס 100</ItemName>
      <ManufacturerName>אלפא בישום</ManufacturerName>
      <ManufactureCountry>IL</ManufactureCountry>
      <ManufacturerItemDescription>פאראגמו סיגנוריה</ManufacturerItemDescription>
      <UnitQty>מיליליטרים</UnitQty>
      <Quantity>100.00</Quantity>
      <bIsWeighted>0</bIsWeighted>
      <UnitOfMeasure>100 מ"ל</UnitOfMeasure>
      <QtyInPackage>0</QtyInPackage>
      <ItemPrice>399.00</ItemPrice>
      <UnitOfMeasurePrice>399.00</UnitOfMeasurePrice>
      <AllowDiscount>1</AllowDiscount>
      <ItemStatus>1</ItemStatus>
    </Item>
    <Item>
      <PriceUpdateDate>2018-12-26 08:37</PriceUpdateDate>
      <ItemCode>8410076620613</ItemCode>
      <ItemType>1</ItemType>
      <ItemName>קאפס נאט קרים בוטנים140ג</ItemName>
      <ManufacturerName>גרופו סירו</ManufacturerName>
      <ManufactureCountry>PT</ManufactureCountry>
      <ManufacturerItemDescription>קאפס נאט בוטנים</ManufacturerItemDescription>
      <UnitQty>גרמים</UnitQty>
      <Quantity>140.00</Quantity>
      <bIsWeighted>0</bIsWeighted>
      <UnitOfMeasure>100 גרם</UnitOfMeasure>
      <QtyInPackage>1</QtyInPackage>
      <ItemPrice>14.90</ItemPrice>
      <UnitOfMeasurePrice>10.64</UnitOfMeasurePrice>
      <AllowDiscount>1</AllowDiscount>
      <ItemStatus>1</ItemStatus>
    </Item>
    <Item>
      <PriceUpdateDate>2019-04-02 10:57</PriceUpdateDate>
      <ItemCode>8411061853160</ItemCode>
      <ItemType>1</ItemType>
      <ItemName>קרול.הררה212 גבר אדט100מ</ItemName>
      <ManufacturerName>לילית בישום</ManufacturerName>
      <ManufactureCountry>ES</ManufactureCountry>
      <ManufacturerItemDescription>קרולינה הררה 212</ManufacturerItemDescription>
      <UnitQty>מיליליטרים</UnitQty>
      <Quantity>100.00</Quantity>
      <bIsWeighted>0</bIsWeighted>
      <UnitOfMeasure>100 מ"ל</UnitOfMeasure>
      <QtyInPackage>0</QtyInPackage>
      <ItemPrice>189.00</ItemPrice>
      <UnitOfMeasurePrice>189.00</UnitOfMeasurePrice>
      <AllowDiscount>1</AllowDiscount>
      <ItemStatus>1</ItemStatus>
    </Item>
    <Item>
      <PriceUpdateDate>2018-07-30 10:57</PriceUpdateDate>
      <ItemCode>8436037791505</ItemCode>
      <ItemType>1</ItemType>
      <ItemName>חלב פנים אלוורה 250 מ"ל</ItemName>
      <ManufacturerName>RNB</ManufacturerName>
      <ManufactureCountry>ES</ManufactureCountry>
      <ManufacturerItemDescription>חלב פנים אלוורה</ManufacturerItemDescription>
      <UnitQty>מיליליטרים</UnitQty>
      <Quantity>250.00</Quantity>
      <bIsWeighted>0</bIsWeighted>
      <UnitOfMeasure>100 מ"ל</UnitOfMeasure>
      <QtyInPackage>1</QtyInPackage>
      <ItemPrice>19.90</ItemPrice>
      <UnitOfMeasurePrice>7.96</UnitOfMeasurePrice>
      <AllowDiscount>1</AllowDiscount>
      <ItemStatus>1</ItemStatus>
    </Item>
    <Item>
      <PriceUpdateDate>2018-08-06 11:31</PriceUpdateDate>
      <ItemCode>8436037791550</ItemCode>
      <ItemType>1</ItemType>
      <ItemName>קרם ליפטינג לפניםSPF30 3</ItemName>
      <ManufacturerName>RNB</ManufacturerName>
      <ManufactureCountry>ES</ManufactureCountry>
      <ManufacturerItemDescription>קרם ליפטינג לפני</ManufacturerItemDescription>
      <UnitQty>מיליליטרים</UnitQty>
      <Quantity>50.00</Quantity>
      <bIsWeighted>0</bIsWeighted>
      <UnitOfMeasure>100 מ"ל</UnitOfMeasure>
      <QtyInPackage>1</QtyInPackage>
      <ItemPrice>49.90</ItemPrice>
      <UnitOfMeasurePrice>99.80</UnitOfMeasurePrice>
      <AllowDiscount>1</AllowDiscount>
      <ItemStatus>1</ItemStatus>
    </Item>
    <Item>
      <PriceUpdateDate>2018-07-30 10:57</PriceUpdateDate>
      <ItemCode>8436037792397</ItemCode>
      <ItemType>1</ItemType>
      <ItemName>קרם גוף קמומיל 400 מ"ל</ItemName>
      <ManufacturerName>RNB</ManufacturerName>
      <ManufactureCountry>ES</ManufactureCountry>
      <ManufacturerItemDescription>קרם גוף</ManufacturerItemDescription>
      <UnitQty>מיליליטרים</UnitQty>
      <Quantity>400.00</Quantity>
      <bIsWeighted>0</bIsWeighted>
      <UnitOfMeasure>100 מ"ל</UnitOfMeasure>
      <QtyInPackage>1</QtyInPackage>
      <ItemPrice>19.90</ItemPrice>
      <UnitOfMeasurePrice>4.98</UnitOfMeasurePrice>
      <AllowDiscount>1</AllowDiscount>
      <ItemStatus>1</ItemStatus>
    </Item>
    <Item>
      <PriceUpdateDate>2019-05-19 10:51</PriceUpdateDate>
      <ItemCode>8690604460663</ItemCode>
      <ItemType>1</ItemType>
      <ItemName>מייק אפ בכיסוי מלא 011</ItemName>
      <ManufacturerName>PRETTY</ManufacturerName>
      <ManufactureCountry>TR</ManufactureCountry>
      <ManufacturerItemDescription>מייקאפ כיסוי 011</ManufacturerItemDescription>
      <UnitQty>מיליליטרים</UnitQty>
      <Quantity>30.00</Quantity>
      <bIsWeighted>0</bIsWeighted>
      <UnitOfMeasure>100 מ"ל</UnitOfMeasure>
      <QtyInPackage>0</QtyInPackage>
      <ItemPrice>26.90</ItemPrice>
      <UnitOfMeasurePrice>89.67</UnitOfMeasurePrice>
      <AllowDiscount>1</AllowDiscount>
      <ItemStatus>1</ItemStatus>
    </Item>
    <Item>
      <PriceUpdateDate>2019-05-19 10:51</PriceUpdateDate>
      <ItemCode>8690604461899</ItemCode>
      <ItemType>1</ItemType>
      <ItemName>ליפסטיק במראה משי 024</ItemName>
      <ManufacturerName>PRETTY</ManufacturerName>
      <ManufactureCountry>TR</ManufactureCountry>
      <ManufacturerItemDescription>ליפסטיק משי 024</ManufacturerItemDescription>
      <UnitQty>יחידה</UnitQty>
      <Quantity>1.00</Quantity>
      <bIsWeighted>0</bIsWeighted>
      <UnitOfMeasure>יחידה</UnitOfMeasure>
      <QtyInPackage>0</QtyInPackage>
      <ItemPrice>15.90</ItemPrice>
      <UnitOfMeasurePrice>15.90</UnitOfMeasurePrice>
      <AllowDiscount>1</AllowDiscount>
      <ItemStatus>1</ItemStatus>
    </Item>
    <Item>
      <PriceUpdateDate>2019-05-19 10:51</PriceUpdateDate>
      <ItemCode>8690604462384</ItemCode>
      <ItemType>1</ItemType>
      <ItemName>ליפסטיק עמיד 005</ItemName>
      <ManufacturerName>PRETTY</ManufacturerName>
      <ManufactureCountry>TR</ManufactureCountry>
      <ManufacturerItemDescription>ליפסטיק עמיד 005</ManufacturerItemDescription>
      <UnitQty>יחידה</UnitQty>
      <Quantity>1.00</Quantity>
      <bIsWeighted>0</bIsWeighted>
      <UnitOfMeasure>יחידה</UnitOfMeasure>
      <QtyInPackage>0</QtyInPackage>
      <ItemPrice>15.90</ItemPrice>
      <UnitOfMeasurePrice>15.90</UnitOfMeasurePrice>
      <AllowDiscount>1</AllowDiscount>
      <ItemStatus>1</ItemStatus>
    </Item>
    <Item>
      <PriceUpdateDate>2019-01-15 10:12</PriceUpdateDate>
      <ItemCode>8690604464517</ItemCode>
      <ItemType>1</ItemType>
      <ItemName>אייליינר ג'ל שחור</ItemName>
      <ManufacturerName>PRETTY</ManufacturerName>
      <ManufactureCountry>TR</ManufactureCountry>
      <ManufacturerItemDescription>אייליינר ג'ל</ManufacturerItemDescription>
      <UnitQty>יחידה</UnitQty>
      <Quantity>1.00</Quantity>
      <bIsWeighted>0</bIsWeighted>
      <UnitOfMeasure>יחידה</UnitOfMeasure>
      <QtyInPackage>0</QtyInPackage>
      <ItemPrice>31.90</ItemPrice>
      <UnitOfMeasurePrice>31.90</UnitOfMeasurePrice>
      <AllowDiscount>1</AllowDiscount>
      <ItemStatus>1</ItemStatus>
    </Item>
    <Item>
      <PriceUpdateDate>2019-01-30 08:43</PriceUpdateDate>
      <ItemCode>8690604466122</ItemCode>
      <ItemType>1</ItemType>
      <ItemName>צללית MATTE SINGLE 001</ItemName>
      <ManufacturerName>PRETTY</ManufacturerName>
      <ManufactureCountry>TR</ManufactureCountry>
      <ManufacturerItemDescription>צללית SINGLE 001</ManufacturerItemDescription>
      <UnitQty>יחידה</UnitQty>
      <Quantity>1.00</Quantity>
      <bIsWeighted>0</bIsWeighted>
      <UnitOfMeasure>יחידה</UnitOfMeasure>
      <QtyInPackage>0</QtyInPackage>
      <ItemPrice>11.90</ItemPrice>
      <UnitOfMeasurePrice>11.90</UnitOfMeasurePrice>
      <AllowDiscount>1</AllowDiscount>
      <ItemStatus>1</ItemStatus>
    </Item>
    <Item>
      <PriceUpdateDate>2019-05-19 10:51</PriceUpdateDate>
      <ItemCode>8690604468263</ItemCode>
      <ItemType>1</ItemType>
      <ItemName>לק זוהר ונוצץ 011</ItemName>
      <ManufacturerName>PRETTY</ManufacturerName>
      <ManufactureCountry>TR</ManufactureCountry>
      <ManufacturerItemDescription>לק זוהר ונוצץ 11</ManufacturerItemDescription>
      <UnitQty>יחידה</UnitQty>
      <Quantity>1.00</Quantity>
      <bIsWeighted>0</bIsWeighted>
      <UnitOfMeasure>יחידה</UnitOfMeasure>
      <QtyInPackage>0</QtyInPackage>
      <ItemPrice>5.90</ItemPrice>
      <UnitOfMeasurePrice>5.90</UnitOfMeasurePrice>
      <AllowDiscount>1</AllowDiscount>
      <ItemStatus>1</ItemStatus>
    </Item>
    <Item>
      <PriceUpdateDate>2019-05-19 10:51</PriceUpdateDate>
      <ItemCode>8690604468317</ItemCode>
      <ItemType>1</ItemType>
      <ItemName>לק זוהר ונוצץ 016</ItemName>
      <ManufacturerName>PRETTY</ManufacturerName>
      <ManufactureCountry>TR</ManufactureCountry>
      <ManufacturerItemDescription>לק זוהר ונוצץ 16</ManufacturerItemDescription>
      <UnitQty>יחידה</UnitQty>
      <Quantity>1.00</Quantity>
      <bIsWeighted>0</bIsWeighted>
      <UnitOfMeasure>יחידה</UnitOfMeasure>
      <QtyInPackage>0</QtyInPackage>
      <ItemPrice>5.90</ItemPrice>
      <UnitOfMeasurePrice>5.90</UnitOfMeasurePrice>
      <AllowDiscount>1</AllowDiscount>
      <ItemStatus>1</ItemStatus>
    </Item>
    <Item>
      <PriceUpdateDate>2019-05-19 10:51</PriceUpdateDate>
      <ItemCode>8690604468379</ItemCode>
      <ItemType>1</ItemType>
      <ItemName>לק זוהר ונוצץ 020</ItemName>
      <ManufacturerName>PRETTY</ManufacturerName>
      <ManufactureCountry>TR</ManufactureCountry>
      <ManufacturerItemDescription>לק זוהר ונוצץ 20</ManufacturerItemDescription>
      <UnitQty>יחידה</UnitQty>
      <Quantity>1.00</Quantity>
      <bIsWeighted>0</bIsWeighted>
      <UnitOfMeasure>יחידה</UnitOfMeasure>
      <QtyInPackage>0</QtyInPackage>
      <ItemPrice>5.90</ItemPrice>
      <UnitOfMeasurePrice>5.90</UnitOfMeasurePrice>
      <AllowDiscount>1</AllowDiscount>
      <ItemStatus>1</ItemStatus>
    </Item>
    <Item>
      <PriceUpdateDate>2019-05-19 10:51</PriceUpdateDate>
      <ItemCode>8690604468386</ItemCode>
      <ItemType>1</ItemType>
      <ItemName>לק זוהר ונוצץ 021</ItemName>
      <ManufacturerName>PRETTY</ManufacturerName>
      <ManufactureCountry>TR</ManufactureCountry>
      <ManufacturerItemDescription>לק זוהר ונוצץ 21</ManufacturerItemDescription>
      <UnitQty>יחידה</UnitQty>
      <Quantity>1.00</Quantity>
      <bIsWeighted>0</bIsWeighted>
      <UnitOfMeasure>יחידה</UnitOfMeasure>
      <QtyInPackage>0</QtyInPackage>
      <ItemPrice>5.90</ItemPrice>
      <UnitOfMeasurePrice>5.90</UnitOfMeasurePrice>
      <AllowDiscount>1</AllowDiscount>
      <ItemStatus>1</ItemStatus>
    </Item>
    <Item>
      <PriceUpdateDate>2019-05-19 10:51</PriceUpdateDate>
      <ItemCode>8690604468409</ItemCode>
      <ItemType>1</ItemType>
      <ItemName>לק זוהר ונוצץ 023</ItemName>
      <ManufacturerName>PRETTY</ManufacturerName>
      <ManufactureCountry>TR</ManufactureCountry>
      <ManufacturerItemDescription>לק זוהר ונוצץ 23</ManufacturerItemDescription>
      <UnitQty>יחידה</UnitQty>
      <Quantity>1.00</Quantity>
      <bIsWeighted>0</bIsWeighted>
      <UnitOfMeasure>יחידה</UnitOfMeasure>
      <QtyInPackage>0</QtyInPackage>
      <ItemPrice>5.90</ItemPrice>
      <UnitOfMeasurePrice>5.90</UnitOfMeasurePrice>
      <AllowDiscount>1</AllowDiscount>
      <ItemStatus>1</ItemStatus>
    </Item>
    <Item>
      <PriceUpdateDate>2019-05-19 10:51</PriceUpdateDate>
      <ItemCode>8690604468485</ItemCode>
      <ItemType>1</ItemType>
      <ItemName>לק במראה מט 006</ItemName>
      <ManufacturerName>PRETTY</ManufacturerName>
      <ManufactureCountry>TR</ManufactureCountry>
      <ManufacturerItemDescription>לק במראה מט 006</ManufacturerItemDescription>
      <UnitQty>יחידה</UnitQty>
      <Quantity>1.00</Quantity>
      <bIsWeighted>0</bIsWeighted>
      <UnitOfMeasure>יחידה</UnitOfMeasure>
      <QtyInPackage>0</QtyInPackage>
      <ItemPrice>5.90</ItemPrice>
      <UnitOfMeasurePrice>5.90</UnitOfMeasurePrice>
      <AllowDiscount>1</AllowDiscount>
      <ItemStatus>1</ItemStatus>
    </Item>
    <Item>
      <PriceUpdateDate>2019-05-19 10:51</PriceUpdateDate>
      <ItemCode>8690604468959</ItemCode>
      <ItemType>1</ItemType>
      <ItemName>סומק במרקם קטיפתי 004</ItemName>
      <ManufacturerName>PRETTY</ManufacturerName>
      <ManufactureCountry>TR</ManufactureCountry>
      <ManufacturerItemDescription>סומק קטיפתי 004</ManufacturerItemDescription>
      <UnitQty>יחידה</UnitQty>
      <Quantity>1.00</Quantity>
      <bIsWeighted>0</bIsWeighted>
      <UnitOfMeasure>יחידה</UnitOfMeasure>
      <QtyInPackage>0</QtyInPackage>
      <ItemPrice>25.90</ItemPrice>
      <UnitOfMeasurePrice>25.90</UnitOfMeasurePrice>
      <AllowDiscount>1</AllowDiscount>
      <ItemStatus>1</ItemStatus>
    </Item>
    <Item>
      <PriceUpdateDate>2019-05-19 10:51</PriceUpdateDate>
      <ItemCode>8690604468973</ItemCode>
      <ItemType>1</ItemType>
      <ItemName>סומק במרקם קטיפתי 006</ItemName>
      <ManufacturerName>PRETTY</ManufacturerName>
      <ManufactureCountry>TR</ManufactureCountry>
      <ManufacturerItemDescription>סומק קטיפתי 006</ManufacturerItemDescription>
      <UnitQty>יחידה</UnitQty>
      <Quantity>1.00</Quantity>
      <bIsWeighted>0</bIsWeighted>
      <UnitOfMeasure>יחידה</UnitOfMeasure>
      <QtyInPackage>0</QtyInPackage>
      <ItemPrice>25.90</ItemPrice>
      <UnitOfMeasurePrice>25.90</UnitOfMeasurePrice>
      <AllowDiscount>1</AllowDiscount>
      <ItemStatus>1</ItemStatus>
    </Item>
    <Item>
      <PriceUpdateDate>2019-01-15 10:12</PriceUpdateDate>
      <ItemCode>8690604599578</ItemCode>
      <ItemType>1</ItemType>
      <ItemName>מסקרה היי דפינשין שחור י</ItemName>
      <ManufacturerName>PRETTY</ManufacturerName>
      <ManufactureCountry>TR</ManufactureCountry>
      <ManufacturerItemDescription>מסקרה היי דפינשי</ManufacturerItemDescription>
      <UnitQty>יחידה</UnitQty>
      <Quantity>1.00</Quantity>
      <bIsWeighted>0</bIsWeighted>
      <UnitOfMeasure>יחידה</UnitOfMeasure>
      <QtyInPackage>1</QtyInPackage>
      <ItemPrice>16.90</ItemPrice>
      <UnitOfMeasurePrice>16.90</UnitOfMeasurePrice>
      <AllowDiscount>1</AllowDiscount>
      <ItemStatus>1</ItemStatus>
    </Item>
    <Item>
      <PriceUpdateDate>2019-01-30 08:43</PriceUpdateDate>
      <ItemCode>8690604599592</ItemCode>
      <ItemType>1</ItemType>
      <ItemName>מסקרה אקסטרה ווליום שחור</ItemName>
      <ManufacturerName>PRETTY</ManufacturerName>
      <ManufactureCountry>TR</ManufactureCountry>
      <ManufacturerItemDescription>מסקרה אקסטרה וול</ManufacturerItemDescription>
      <UnitQty>יחידה</UnitQty>
      <Quantity>1.00</Quantity>
      <bIsWeighted>0</bIsWeighted>
      <UnitOfMeasure>יחידה</UnitOfMeasure>
      <QtyInPackage>1</QtyInPackage>
      <ItemPrice>16.90</ItemPrice>
      <UnitOfMeasurePrice>16.90</UnitOfMeasurePrice>
      <AllowDiscount>1</AllowDiscount>
      <ItemStatus>1</ItemStatus>
    </Item>
    <Item>
      <PriceUpdateDate>2018-11-23 13:49</PriceUpdateDate>
      <ItemCode>8710908778230</ItemCode>
      <ItemType>1</ItemType>
      <ItemName>דאב תח.גוף שמן קוקוס400מ</ItemName>
      <ManufacturerName>יוניליוור גרמניה</ManufacturerName>
      <ManufactureCountry>DE</ManufactureCountry>
      <ManufacturerItemDescription>תחליב גוף דאב</ManufacturerItemDescription>
      <UnitQty>מיליליטרים</UnitQty>
      <Quantity>400.00</Quantity>
      <bIsWeighted>0</bIsWeighted>
      <UnitOfMeasure>100 מ"ל</UnitOfMeasure>
      <QtyInPackage>1</QtyInPackage>
      <ItemPrice>19.90</ItemPrice>
      <UnitOfMeasurePrice>4.98</UnitOfMeasurePrice>
      <AllowDiscount>1</AllowDiscount>
      <ItemStatus>1</ItemStatus>
    </Item>
    <Item>
      <PriceUpdateDate>2019-02-26 10:59</PriceUpdateDate>
      <ItemCode>8718951240742</ItemCode>
      <ItemType>1</ItemType>
      <ItemName>קולגייט טוטל פסים 100 מל</ItemName>
      <ManufacturerName>קולגייט פלמוליב</ManufacturerName>
      <ManufactureCountry>PL</ManufactureCountry>
      <ManufacturerItemDescription>קולגייט טוטל</ManufacturerItemDescription>
      <UnitQty>מיליליטרים</UnitQty>
      <Quantity>100.00</Quantity>
      <bIsWeighted>0</bIsWeighted>
      <UnitOfMeasure>100 מ"ל</UnitOfMeasure>
      <QtyInPackage>1</QtyInPackage>
      <ItemPrice>15.90</ItemPrice>
      <UnitOfMeasurePrice>15.90</UnitOfMeasurePrice>
      <AllowDiscount>1</AllowDiscount>
      <ItemStatus>1</ItemStatus>
    </Item>
  </Items>
</root>